% This file was created with JabRef 2.10.
% Encoding: UTF8


@Article{DBLP:journals/sigmod/BenediktFGGMW10,
  Title                    = {Report on the {EDBT/{IC}DT} 2010 workshop on updates in {XML}},
  Author                   = {Michael Benedikt and
 Daniela Florescu and
 Philippa Gardner and
 Giovanna Guerrini and
 Marco Mesiti and
 Emmanuel Waller},
  Journal                  = {{SIGMOD} Record},
  Year                     = {2010},
  Number                   = {1},
  Pages                    = {54--57},
  Volume                   = {39},

  Bibsource                = {dblp computer science bibliography, http://dblp.org},
  Biburl                   = {http://dblp.uni-trier.de/rec/bib/journals/sigmod/BenediktFGGMW10},
  Doi                      = {10.1145/1860702.1860713},
  Owner                    = {thomas},
  Timestamp                = {Wed, 19 Sep 2012 01:00:00 +0200}
}

@Article{DBLP:journals/iandc/CalcagnoDG10,
  Title                    = {Adjunct elimination in Context Logic for trees},
  Author                   = {Cristiano Calcagno and
 Thomas Dinsdale{-}Young and
 Philippa Gardner},
  Journal                  = {Inf. Comput.},
  Year                     = {2010},
  Number                   = {5},
  Pages                    = {474--499},
  Volume                   = {208},

  Bibsource                = {dblp computer science bibliography, http://dblp.org},
  Biburl                   = {http://dblp.uni-trier.de/rec/bib/journals/iandc/CalcagnoDG10},
  Doi                      = {10.1016/j.ic.2009.02.013},
  Owner                    = {thomas},
  Timestamp                = {Fri, 30 Apr 2010 01:00:00 +0200}
}

@Article{DBLP:journals/entcs/CalcagnoGZ07,
  Title                    = {Local Reasoning about Data Update},
  Author                   = {Cristiano Calcagno and
 Philippa Gardner and
 Uri Zarfaty},
  Journal                  = {Electr. Notes Theor. Comput. Sci.},
  Year                     = {2007},
  Pages                    = {133--175},
  Volume                   = {172},

  Bibsource                = {dblp computer science bibliography, http://dblp.org},
  Biburl                   = {http://dblp.uni-trier.de/rec/bib/journals/entcs/CalcagnoGZ07},
  Doi                      = {10.1016/j.entcs.2007.02.006},
  Owner                    = {thomas},
  Timestamp                = {Thu, 10 May 2007 01:00:00 +0200}
}

@Article{DBLP:journals/entcs/CardelliCGKP09,
  Title                    = {A Process Model of Actin Polymerisation},
  Author                   = {Luca Cardelli and
 Emmanuelle Caron and
 Philippa Gardner and
 Ozan Kahramanogullari and
 Andrew Phillips},
  Journal                  = {Electr. Notes Theor. Comput. Sci.},
  Year                     = {2009},
  Number                   = {1},
  Pages                    = {127--144},
  Volume                   = {229},

  Bibsource                = {dblp computer science bibliography, http://dblp.org},
  Biburl                   = {http://dblp.uni-trier.de/rec/bib/journals/entcs/CardelliCGKP09},
  Doi                      = {10.1016/j.entcs.2009.02.009},
  Owner                    = {thomas},
  Timestamp                = {Sun, 19 Apr 2009 01:00:00 +0200}
}

@Article{DBLP:journals/tcs/CardelliCGKP09,
  Title                    = {A process model of Rho GTP-binding proteins},
  Author                   = {Luca Cardelli and
 Emmanuelle Caron and
 Philippa Gardner and
 Ozan Kahramanogullari and
 Andrew Phillips},
  Journal                  = {Theor. Comput. Sci.},
  Year                     = {2009},
  Number                   = {33-34},
  Pages                    = {3166--3185},
  Volume                   = {410},

  Bibsource                = {dblp computer science bibliography, http://dblp.org},
  Biburl                   = {http://dblp.uni-trier.de/rec/bib/journals/tcs/CardelliCGKP09},
  Doi                      = {10.1016/j.tcs.2009.04.029},
  Owner                    = {thomas},
  Timestamp                = {Thu, 03 Sep 2009 01:00:00 +0200}
}

@Article{DBLP:journals/tcs/CardelliG12,
  Title                    = {Processes in space},
  Author                   = {Luca Cardelli and
 Philippa Gardner},
  Journal                  = {Theor. Comput. Sci.},
  Year                     = {2012},
  Pages                    = {40--55},
  Volume                   = {431},

  Bibsource                = {dblp computer science bibliography, http://dblp.org},
  Biburl                   = {http://dblp.uni-trier.de/rec/bib/journals/tcs/CardelliG12},
  Doi                      = {10.1016/j.tcs.2011.12.051},
  Owner                    = {thomas},
  Timestamp                = {Sat, 10 Nov 2012 00:00:00 +0100}
}

@Article{DBLP:journals/entcs/CardelliGG07,
  Title                    = {Manipulating Trees with Hidden Labels},
  Author                   = {Luca Cardelli and
 Philippa Gardner and
 Giorgio Ghelli},
  Journal                  = {Electr. Notes Theor. Comput. Sci.},
  Year                     = {2007},
  Pages                    = {177--201},
  Volume                   = {172},

  Bibsource                = {dblp computer science bibliography, http://dblp.org},
  Biburl                   = {http://dblp.uni-trier.de/rec/bib/journals/entcs/CardelliGG07},
  Doi                      = {10.1016/j.entcs.2007.02.007},
  Owner                    = {thomas},
  Timestamp                = {Thu, 10 May 2007 01:00:00 +0200}
}

@Article{DBLP:journals/entcs/CardelliGK08,
  Title                    = {A Process Model of Rho GTP-binding Proteins in the Context of Phagocytosis},
  Author                   = {Luca Cardelli and
 Philippa Gardner and
 Ozan Kahramanogullari},
  Journal                  = {Electr. Notes Theor. Comput. Sci.},
  Year                     = {2008},
  Number                   = {3},
  Pages                    = {87--102},
  Volume                   = {194},

  Bibsource                = {dblp computer science bibliography, http://dblp.org},
  Biburl                   = {http://dblp.uni-trier.de/rec/bib/journals/entcs/CardelliGK08},
  Doi                      = {10.1016/j.entcs.2007.12.007},
  Owner                    = {thomas},
  Timestamp                = {Thu, 12 Jun 2008 01:00:00 +0200}
}

@Article{DBLP:journals/iandc/DawarGG07,
  Title                    = {Expressiveness and complexity of graph logic},
  Author                   = {Anuj Dawar and
 Philippa Gardner and
 Giorgio Ghelli},
  Journal                  = {Inf. Comput.},
  Year                     = {2007},
  Number                   = {3},
  Pages                    = {263--310},
  Volume                   = {205},

  Bibsource                = {dblp computer science bibliography, http://dblp.org},
  Biburl                   = {http://dblp.uni-trier.de/rec/bib/journals/iandc/DawarGG07},
  Doi                      = {10.1016/j.ic.2006.10.006},
  Owner                    = {thomas},
  Timestamp                = {Tue, 19 Jun 2007 01:00:00 +0200}
}

@Article{DBLP:journals/tcs/Gardner99,
  Title                    = {Closed Action Calculi},
  Author                   = {Philippa Gardner},
  Journal                  = {Theor. Comput. Sci.},
  Year                     = {1999},
  Number                   = {1-2},
  Pages                    = {77--103},
  Volume                   = {228},

  Bibsource                = {dblp computer science bibliography, http://dblp.org},
  Biburl                   = {http://dblp.uni-trier.de/rec/bib/journals/tcs/Gardner99},
  Doi                      = {10.1016/S0304-3975(98)00355-7},
  Owner                    = {thomas},
  Timestamp                = {Wed, 19 Nov 2003 00:00:00 +0100}
}

@Article{DBLP:journals/entcs/Gardner97,
  Title                    = {A Type-theoretic Description of Action Calculi},
  Author                   = {Philippa Gardner},
  Journal                  = {Electr. Notes Theor. Comput. Sci.},
  Year                     = {1997},
  Pages                    = {52},
  Volume                   = {10},

  Bibsource                = {dblp computer science bibliography, http://dblp.org},
  Biburl                   = {http://dblp.uni-trier.de/rec/bib/journals/entcs/Gardner97},
  Doi                      = {10.1016/S1571-0661(05)82513-7},
  Owner                    = {thomas},
  Timestamp                = {Mon, 20 Jun 2011 01:00:00 +0200}
}

@Article{DBLP:journals/entcs/Gardner95,
  Title                    = {A name-free account of action calculi},
  Author                   = {Philippa Gardner},
  Journal                  = {Electr. Notes Theor. Comput. Sci.},
  Year                     = {1995},
  Pages                    = {214--231},
  Volume                   = {1},

  Bibsource                = {dblp computer science bibliography, http://dblp.org},
  Biburl                   = {http://dblp.uni-trier.de/rec/bib/journals/entcs/Gardner95},
  Doi                      = {10.1016/S1571-0661(04)80012-4},
  Owner                    = {thomas},
  Timestamp                = {Mon, 20 Jun 2011 01:00:00 +0200}
}

@Article{DBLP:journals/mscs/Gardner95,
  Title                    = {Equivalences between Logics and Their Representing Type Theories},
  Author                   = {Philippa Gardner},
  Journal                  = {Mathematical Structures in Computer Science},
  Year                     = {1995},
  Number                   = {3},
  Pages                    = {323--349},
  Volume                   = {5},

  Bibsource                = {dblp computer science bibliography, http://dblp.org},
  Biburl                   = {http://dblp.uni-trier.de/rec/bib/journals/mscs/Gardner95},
  Doi                      = {10.1017/S0960129500000785},
  Owner                    = {thomas},
  Timestamp                = {Fri, 10 Jun 2011 01:00:00 +0200}
}

@Article{DBLP:journals/iandc/GardnerLW07,
  Title                    = {Linear forwarders},
  Author                   = {Philippa Gardner and
 Cosimo Laneve and
 Lucian Wischik},
  Journal                  = {Inf. Comput.},
  Year                     = {2007},
  Number                   = {10},
  Pages                    = {1526--1550},
  Volume                   = {205},

  Bibsource                = {dblp computer science bibliography, http://dblp.org},
  Biburl                   = {http://dblp.uni-trier.de/rec/bib/journals/iandc/GardnerLW07},
  Doi                      = {10.1016/j.ic.2007.01.006},
  Owner                    = {thomas},
  Timestamp                = {Thu, 04 Oct 2007 01:00:00 +0200}
}

@Article{DBLP:journals/tcs/GardnerM05,
  Title                    = {Modelling dynamic web data},
  Author                   = {Philippa Gardner and
 Sergio Maffeis},
  Journal                  = {Theor. Comput. Sci.},
  Year                     = {2005},
  Number                   = {1},
  Pages                    = {104--131},
  Volume                   = {342},

  Bibsource                = {dblp computer science bibliography, http://dblp.org},
  Biburl                   = {http://dblp.uni-trier.de/rec/bib/journals/tcs/GardnerM05},
  Doi                      = {10.1016/j.tcs.2005.06.006},
  Owner                    = {thomas},
  Timestamp                = {Tue, 10 Jan 2006 00:00:00 +0100}
}

@Article{DBLP:journals/entcs/GardnerRWW14,
  Title                    = {Abstract Local Reasoning for Concurrent Libraries: Mind the Gap},
  Author                   = {Philippa Gardner and
 Azalea Raad and
 Mark J. Wheelhouse and
 Adam Wright},
  Journal                  = {Electr. Notes Theor. Comput. Sci.},
  Year                     = {2014},
  Pages                    = {147--166},
  Volume                   = {308},

  Bibsource                = {dblp computer science bibliography, http://dblp.org},
  Biburl                   = {http://dblp.uni-trier.de/rec/bib/journals/entcs/GardnerRWW14},
  Doi                      = {10.1016/j.entcs.2014.10.009},
  Owner                    = {thomas},
  Timestamp                = {Tue, 04 Nov 2014 00:00:00 +0100}
}

@Article{DBLP:journals/tcs/GardnerY06,
  Title                    = {Editorial},
  Author                   = {Philippa Gardner and
 Nobuko Yoshida},
  Journal                  = {Theor. Comput. Sci.},
  Year                     = {2006},
  Number                   = {2-3},
  Pages                    = {149},
  Volume                   = {358},

  Bibsource                = {dblp computer science bibliography, http://dblp.org},
  Biburl                   = {http://dblp.uni-trier.de/rec/bib/journals/tcs/GardnerY06},
  Doi                      = {10.1016/j.tcs.2006.01.013},
  Owner                    = {thomas},
  Timestamp                = {Tue, 21 Nov 2006 00:00:00 +0100}
}

@Article{DBLP:journals/jlp/MaffeisG08,
  Title                    = {Behavioural equivalences for dynamic Web data},
  Author                   = {Sergio Maffeis and
 Philippa Gardner},
  Journal                  = {J. Log. Algebr. Program.},
  Year                     = {2008},
  Number                   = {1},
  Pages                    = {86--138},
  Volume                   = {75},

  Bibsource                = {dblp computer science bibliography, http://dblp.org},
  Biburl                   = {http://dblp.uni-trier.de/rec/bib/journals/jlp/MaffeisG08},
  Doi                      = {10.1016/j.jlap.2007.06.004},
  Owner                    = {thomas},
  Timestamp                = {Wed, 25 Jun 2008 01:00:00 +0200}
}

@Article{DBLP:journals/corr/abs-0903-1032,
  Title                    = {Footprints in Local Reasoning},
  Author                   = {Mohammad Raza and
 Philippa Gardner},
  Journal                  = {Logical Methods in Computer Science},
  Year                     = {2009},
  Number                   = {2},
  Volume                   = {5},

  Bibsource                = {dblp computer science bibliography, http://dblp.org},
  Biburl                   = {http://dblp.uni-trier.de/rec/bib/journals/corr/abs-0903-1032},
  Owner                    = {thomas},
  Timestamp                = {Tue, 21 Sep 2010 01:00:00 +0200},
  Url                      = {http://arxiv.org/abs/0903.1032}
}

@Article{DBLP:journals/tcs/WischikG05,
  Title                    = {Explicit fusions},
  Author                   = {Lucian Wischik and
 Philippa Gardner},
  Journal                  = {Theor. Comput. Sci.},
  Year                     = {2005},
  Number                   = {3},
  Pages                    = {606--630},
  Volume                   = {340},

  Bibsource                = {dblp computer science bibliography, http://dblp.org},
  Biburl                   = {http://dblp.uni-trier.de/rec/bib/journals/tcs/WischikG05},
  Doi                      = {10.1016/j.tcs.2005.03.017},
  Owner                    = {thomas},
  Timestamp                = {Tue, 10 Jan 2006 00:00:00 +0100}
}

@Article{DBLP:journals/entcs/ZarfatyG06,
  Title                    = {Local Reasoning About Tree Update},
  Author                   = {Uri Zarfaty and
 Philippa Gardner},
  Journal                  = {Electr. Notes Theor. Comput. Sci.},
  Year                     = {2006},
  Pages                    = {399--424},
  Volume                   = {158},

  Bibsource                = {dblp computer science bibliography, http://dblp.org},
  Biburl                   = {http://dblp.uni-trier.de/rec/bib/journals/entcs/ZarfatyG06},
  Doi                      = {10.1016/j.entcs.2006.04.020},
  Owner                    = {thomas},
  Timestamp                = {Mon, 24 Jul 2006 01:00:00 +0200}
}

