% This file was created with JabRef 2.10.
% Encoding: UTF8


@Proceedings{DBLP:conf/esop/2013,
  Title                    = {Programming Languages and Systems - 22nd {Europe}an Symposium on Programming,
 {ESOP} 2013, Held as Part of the {Europe}an Joint Conferences on Theory
 and Practice of Software, {ETAPS} 2013, Rome, {Italy}, {March} 16-24,
 2013. Proceedings},
  Year                     = {2013},
  Editor                   = {Matthias Felleisen and
 Philippa Gardner},
  Publisher                = {Springer},
  Series                   = {Lecture Notes in Computer Science},
  Volume                   = {7792},

  Bibsource                = {dblp computer science bibliography, http://dblp.org},
  Biburl                   = {http://dblp.uni-trier.de/rec/bib/conf/esop/2013},
  Doi                      = {10.1007/978-3-642-37036-6},
  ISBN                     = {978-3-642-37035-9},
  Owner                    = {thomas},
  Timestamp                = {Mon, 18 Feb 2013 00:00:00 +0100}
}

@Proceedings{DBLP:conf/dbpl/2009,
  Title                    = {Database Programming Languages - {DBPL} 2009, 12th International Symposium,
 Lyon, {France}, {August} 24, 2009. Proceedings},
  Year                     = {2009},
  Editor                   = {Philippa Gardner and
 Floris Geerts},
  Publisher                = {Springer},
  Series                   = {Lecture Notes in Computer Science},
  Volume                   = {5708},

  Bibsource                = {dblp computer science bibliography, http://dblp.org},
  Biburl                   = {http://dblp.uni-trier.de/rec/bib/conf/dbpl/2009},
  ISBN                     = {978-3-642-03792-4},
  Owner                    = {thomas},
  Timestamp                = {Thu, 20 Aug 2009 01:00:00 +0200}
}

@Proceedings{DBLP:conf/concur/2004,
  Title                    = {{CONCUR} 2004 - Concurrency Theory, 15th International Conference,
 London, UK, {August} 31 - {September} 3, 2004, Proceedings},
  Year                     = {2004},
  Editor                   = {Philippa Gardner and
 Nobuko Yoshida},
  Publisher                = {Springer},
  Series                   = {Lecture Notes in Computer Science},
  Volume                   = {3170},

  Bibsource                = {dblp computer science bibliography, http://dblp.org},
  Biburl                   = {http://dblp.uni-trier.de/rec/bib/conf/concur/2004},
  ISBN                     = {3-540-22940-X},
  Owner                    = {thomas},
  Timestamp                = {Mon, 06 Sep 2004 01:00:00 +0200}
}

@Proceedings{DBLP:conf/dagstuhl/2004P4241,
  Title                    = {Graph Transformations and Process Algebras for Modeling Distributed
 and Mobile Systems, 6.-11. {June} 2004},
  Year                     = {2005},
  Editor                   = {Barbara K{\"{o}}nig and
 Ugo Montanari and
 Philippa Gardner},
  Publisher                = {IBFI, Schloss Dagstuhl, Germany},
  Series                   = {Dagstuhl Seminar Proceedings},
  Volume                   = {04241},

  Bibsource                = {dblp computer science bibliography, http://dblp.org},
  Biburl                   = {http://dblp.uni-trier.de/rec/bib/conf/dagstuhl/2004P4241},
  Owner                    = {thomas},
  Timestamp                = {Wed, 07 Jan 2015 18:21:20 +0100},
  Url                      = {http://drops.dagstuhl.de/portals/04241/}
}

