% This file was created with JabRef 2.10.
% Encoding: UTF8


@InProceedings{DBLP:conf/csl/BarberGHP97,
  Title                    = {From Action Calculi to Linear Logic},
  Author                   = {Andrew Barber and
 Philippa Gardner and
 Masahito Hasegawa and
 Gordon D. Plotkin},
  Booktitle                = {Computer Science Logic, 11\textsuperscript{th} International Workshop, {CSL} '97, Annual
 Conference of the EACSL, Aarhus, Denmark, August 23-29, 1997, Selected
 Papers},
  Year                     = {1997},
  Pages                    = {78--97},

  Bibsource                = {dblp computer science bibliography, http://dblp.org},
  Biburl                   = {http://dblp.uni-trier.de/rec/bib/conf/csl/BarberGHP97},
  Crossref                 = {DBLP:conf/csl/1997},
  Doi                      = {10.1007/BFb0028008},
  Timestamp                = {Tue, 22 Sep 2009 01:00:00 +0200}
}

@InProceedings{DBLP:conf/popl/BodinCFGMNSS14,
  Title                    = {A trusted mechanised JavaSript specification},
  Author                   = {Martin Bodin and
 Arthur Chargu{\'{e}}raud and
 Daniele Filaretti and
 Philippa Gardner and
 Sergio Maffeis and
 Daiva Naudziuniene and
 Alan Schmitt and
 Gareth Smith},
  Booktitle                = {The 41\textsuperscript{st} Annual {ACM} {SIGPLAN-SIGACT} Symposium on Principles of
 Programming Languages, {POPL} '14, San Diego, CA, USA, January 20-21,
 2014},
  Year                     = {2014},
  Pages                    = {87--100},

  Bibsource                = {dblp computer science bibliography, http://dblp.org},
  Biburl                   = {http://dblp.uni-trier.de/rec/bib/conf/popl/BodinCFGMNSS14},
  Crossref                 = {DBLP:conf/popl/2014},
  Doi                      = {10.1145/2535838.2535876},
  Timestamp                = {Thu, 09 Jan 2014 08:21:22 +0100}
}

@InProceedings{DBLP:conf/aplas/CalcagnoDG07,
  Title                    = {Adjunct Elimination in Context Logic for Trees},
  Author                   = {Cristiano Calcagno and
 Thomas Dinsdale{-}Young and
 Philippa Gardner},
  Booktitle                = {Programming Languages and Systems, 5\textsuperscript{th} Asian Symposium, {APLAS} 2007,
 Singapore, November 29-December 1, 2007, Proceedings},
  Year                     = {2007},
  Pages                    = {255--270},

  Bibsource                = {dblp computer science bibliography, http://dblp.org},
  Biburl                   = {http://dblp.uni-trier.de/rec/bib/conf/aplas/CalcagnoDG07},
  Crossref                 = {DBLP:conf/aplas/2007},
  Doi                      = {10.1007/978-3-540-76637-7_17},
  Timestamp                = {Thu, 29 Nov 2007 12:28:33 +0100}
}

@InProceedings{DBLP:conf/fossacs/CalcagnoGH05,
  Title                    = {From Separation Logic to First-Order Logic},
  Author                   = {Cristiano Calcagno and
 Philippa Gardner and
 Matthew Hague},
  Booktitle                = {Foundations of Software Science and Computational Structures, 8th
 International Conference, {FOSSACS} 2005, Held as Part of the Joint
 European Conferences on Theory and Practice of Software, {ETAPS} 2005,
 Edinburgh, UK, April 4-8, 2005, Proceedings},
  Year                     = {2005},
  Pages                    = {395--409},

  Bibsource                = {dblp computer science bibliography, http://dblp.org},
  Biburl                   = {http://dblp.uni-trier.de/rec/bib/conf/fossacs/CalcagnoGH05},
  Crossref                 = {DBLP:conf/fossacs/2005},
  Doi                      = {10.1007/978-3-540-31982-5_25},
  Timestamp                = {Thu, 28 May 2015 17:23:23 +0200}
}

@InProceedings{DBLP:conf/popl/CalcagnoGZ07,
  Title                    = {Context logic as modal logic: completeness and parametric inexpressivity},
  Author                   = {Cristiano Calcagno and
 Philippa Gardner and
 Uri Zarfaty},
  Booktitle                = {Proceedings of the 34\textsuperscript{th} {ACM} {SIGPLAN-SIGACT} Symposium on Principles
 of Programming Languages, {POPL} 2007, Nice, France, January 17-19,
 2007},
  Year                     = {2007},
  Pages                    = {123--134},

  Bibsource                = {dblp computer science bibliography, http://dblp.org},
  Biburl                   = {http://dblp.uni-trier.de/rec/bib/conf/popl/CalcagnoGZ07},
  Crossref                 = {DBLP:conf/popl/2007},
  Doi                      = {10.1145/1190216.1190236},
  Timestamp                = {Tue, 05 Nov 2013 17:32:56 +0100}
}

@InProceedings{DBLP:conf/popl/CalcagnoGZ05,
  Title                    = {Context logic and tree update},
  Author                   = {Cristiano Calcagno and
 Philippa Gardner and
 Uri Zarfaty},
  Booktitle                = {Proceedings of the 32\textsuperscript{nd} {ACM} {SIGPLAN-SIGACT} Symposium on Principles
 of Programming Languages, {POPL} 2005, Long Beach, California, USA,
 January 12-14, 2005},
  Year                     = {2005},
  Pages                    = {271--282},

  Bibsource                = {dblp computer science bibliography, http://dblp.org},
  Biburl                   = {http://dblp.uni-trier.de/rec/bib/conf/popl/CalcagnoGZ05},
  Crossref                 = {DBLP:conf/popl/2005},
  Doi                      = {10.1145/1040305.1040328},
  Timestamp                = {Tue, 22 May 2012 15:24:56 +0200}
}

@InProceedings{DBLP:conf/cie/CardelliG10,
  Title                    = {Processes in Space},
  Author                   = {Luca Cardelli and
 Philippa Gardner},
  Booktitle                = {Programs, Proofs, Processes, 6\textsuperscript{th} Conference on Computability in Europe,
 CiE 2010, Ponta Delgada, Azores, Portugal, June 30 - July 4, 2010.
 Proceedings},
  Year                     = {2010},
  Pages                    = {78--87},

  Bibsource                = {dblp computer science bibliography, http://dblp.org},
  Biburl                   = {http://dblp.uni-trier.de/rec/bib/conf/cie/CardelliG10},
  Crossref                 = {DBLP:conf/cie/2010},
  Doi                      = {10.1007/978-3-642-13962-8_9},
  Timestamp                = {Mon, 28 Jun 2010 14:55:15 +0200}
}

@InProceedings{DBLP:conf/fossacs/CardelliGG03,
  Title                    = {Manipulating Trees with Hidden Labels},
  Author                   = {Luca Cardelli and
 Philippa Gardner and
 Giorgio Ghelli},
  Booktitle                = {Foundations of Software Science and Computational Structures, 6th
 International Conference, {FOSSACS} 2003 Held as Part of the Joint
 European Conference on Theory and Practice of Software, {ETAPS} 2003,
 Warsaw, Poland, April 7-11, 2003, Proceedings},
  Year                     = {2003},
  Pages                    = {216--232},

  Bibsource                = {dblp computer science bibliography, http://dblp.org},
  Biburl                   = {http://dblp.uni-trier.de/rec/bib/conf/fossacs/CardelliGG03},
  Crossref                 = {DBLP:conf/fossacs/2003},
  Doi                      = {10.1007/3-540-36576-1_14},
  Timestamp                = {Tue, 05 Jul 2011 01:00:00 +0200}
}

@InProceedings{DBLP:conf/icalp/CardelliGG02,
  Title                    = {A Spatial Logic for Querying Graphs},
  Author                   = {Luca Cardelli and
 Philippa Gardner and
 Giorgio Ghelli},
  Booktitle                = {Automata, Languages and Programming, 29\textsuperscript{th} International Colloquium,
 {ICALP} 2002, Malaga, Spain, July 8-13, 2002, Proceedings},
  Year                     = {2002},
  Pages                    = {597--610},

  Bibsource                = {dblp computer science bibliography, http://dblp.org},
  Biburl                   = {http://dblp.uni-trier.de/rec/bib/conf/icalp/CardelliGG02},
  Crossref                 = {DBLP:conf/icalp/2002},
  Doi                      = {10.1007/3-540-45465-9_51},
  Timestamp                = {Thu, 30 Jun 2011 01:00:00 +0200}
}

@InProceedings{DBLP:conf/fsttcs/DawarGG04,
  Title                    = {Adjunct Elimination Through Games in Static Ambient Logic},
  Author                   = {Anuj Dawar and
 Philippa Gardner and
 Giorgio Ghelli},
  Booktitle                = {{FSTTCS} 2004: Foundations of Software Technology and Theoretical
 Computer Science, 24\textsuperscript{th} International Conference, Chennai, India, December
 16-18, 2004, Proceedings},
  Year                     = {2004},
  Pages                    = {211--223},

  Bibsource                = {dblp computer science bibliography, http://dblp.org},
  Biburl                   = {http://dblp.uni-trier.de/rec/bib/conf/fsttcs/DawarGG04},
  Crossref                 = {DBLP:conf/fsttcs/2004},
  Doi                      = {10.1007/978-3-540-30538-5_18},
  Timestamp                = {Fri, 22 Nov 2013 00:00:00 +0100}
}

@InProceedings{DBLP:conf/popl/Dinsdale-YoungBGPY13,
  Title                    = {Views: compositional reasoning for concurrent programs},
  Author                   = {Thomas Dinsdale{-}Young and
 Lars Birkedal and
 Philippa Gardner and
 Matthew J. Parkinson and
 Hongseok Yang},
  Booktitle                = {The 40\textsuperscript{th} Annual {ACM} {SIGPLAN-SIGACT} Symposium on Principles of
 Programming Languages, {POPL} '13, Rome, Italy - January 23 - 25,
 2013},
  Year                     = {2013},
  Pages                    = {287--300},

  Bibsource                = {dblp computer science bibliography, http://dblp.org},
  Biburl                   = {http://dblp.uni-trier.de/rec/bib/conf/popl/Dinsdale-YoungBGPY13},
  Crossref                 = {DBLP:conf/popl/2013},
  Doi                      = {10.1145/2429069.2429104},
  Timestamp                = {Fri, 18 Jan 2013 17:48:28 +0100}
}

@InProceedings{DBLP:conf/ecoop/Dinsdale-YoungDGPV10,
  Title                    = {Concurrent Abstract Predicates},
  Author                   = {Thomas Dinsdale{-}Young and
 Mike Dodds and
 Philippa Gardner and
 Matthew J. Parkinson and
 Viktor Vafeiadis},
  Booktitle                = {{ECOOP} 2010 - Object-Oriented Programming, 24\textsuperscript{th} European Conference,
 Maribor, Slovenia, June 21-25, 2010. Proceedings},
  Year                     = {2010},
  Pages                    = {504--528},

  Bibsource                = {dblp computer science bibliography, http://dblp.org},
  Biburl                   = {http://dblp.uni-trier.de/rec/bib/conf/ecoop/Dinsdale-YoungDGPV10},
  Crossref                 = {DBLP:conf/ecoop/2010},
  Doi                      = {10.1007/978-3-642-14107-2_24},
  Timestamp                = {Thu, 01 Jul 2010 07:20:31 +0200}
}

@InProceedings{DBLP:conf/calco/Dinsdale-YoungGW11,
  Title                    = {Abstract Local Reasoning for Program Modules},
  Author                   = {Thomas Dinsdale{-}Young and
 Philippa Gardner and
 Mark J. Wheelhouse},
  Booktitle                = {Algebra and Coalgebra in Computer Science - 4\textsuperscript{th} International Conference,
 {CALCO} 2011, Winchester, UK, August 30 - September 2, 2011. Proceedings},
  Year                     = {2011},
  Pages                    = {36--39},

  Bibsource                = {dblp computer science bibliography, http://dblp.org},
  Biburl                   = {http://dblp.uni-trier.de/rec/bib/conf/calco/Dinsdale-YoungGW11},
  Crossref                 = {DBLP:conf/calco/2011},
  Doi                      = {10.1007/978-3-642-22944-2_3},
  Timestamp                = {Mon, 29 Aug 2011 08:21:56 +0200}
}

@InProceedings{DBLP:conf/vstte/Dinsdale-YoungGW10,
  Title                    = {Abstraction and Refinement for Local Reasoning},
  Author                   = {Thomas Dinsdale{-}Young and
 Philippa Gardner and
 Mark J. Wheelhouse},
  Booktitle                = {Verified Software: Theories, Tools, Experiments, Third International
 Conference, {VSTTE} 2010, Edinburgh, UK, August 16-19, 2010. Proceedings},
  Year                     = {2010},
  Pages                    = {199--215},

  Bibsource                = {dblp computer science bibliography, http://dblp.org},
  Biburl                   = {http://dblp.uni-trier.de/rec/bib/conf/vstte/Dinsdale-YoungGW10},
  Crossref                 = {DBLP:conf/vstte/2010},
  Doi                      = {10.1007/978-3-642-15057-9_14},
  Timestamp                = {Tue, 07 Dec 2010 16:18:25 +0100}
}

@InProceedings{DBLP:conf/edbtw/Gardner10,
  Title                    = {Reasoning about client-side web programs: invited talk},
  Author                   = {Philippa Gardner},
  Booktitle                = {Proceedings of the 2010 {EDBT/ICDT} Workshops, Lausanne, Switzerland,
 March 22-26, 2010},
  Year                     = {2010},

  Bibsource                = {dblp computer science bibliography, http://dblp.org},
  Biburl                   = {http://dblp.uni-trier.de/rec/bib/conf/edbtw/Gardner10},
  Crossref                 = {DBLP:conf/edbtw/2010},
  Doi                      = {10.1145/1754239.1754261},
  Timestamp                = {Thu, 15 Apr 2010 19:02:32 +0200}
}

@InProceedings{DBLP:conf/concur/Gardner00,
  Title                    = {From Process Calculi to Process Frameworks},
  Author                   = {Philippa Gardner},
  Booktitle                = {{CONCUR} 2000 - Concurrency Theory, 11\textsuperscript{th} International Conference,
 University Park, PA, USA, August 22-25, 2000, Proceedings},
  Year                     = {2000},
  Pages                    = {69--88},

  Bibsource                = {dblp computer science bibliography, http://dblp.org},
  Biburl                   = {http://dblp.uni-trier.de/rec/bib/conf/concur/Gardner00},
  Crossref                 = {DBLP:conf/concur/2000},
  Doi                      = {10.1007/3-540-44618-4_7},
  Timestamp                = {Tue, 21 Jun 2011 01:00:00 +0200}
}

@InProceedings{DBLP:conf/tacs/Gardner94,
  Title                    = {Discovering Needed Reductions Using Type Theory},
  Author                   = {Philippa Gardner},
  Booktitle                = {Theoretical Aspects of Computer Software, International Conference
 {TACS} '94, Sendai, Japan, April 19-22, 1994, Proceedings},
  Year                     = {1994},
  Pages                    = {555--574},

  Bibsource                = {dblp computer science bibliography, http://dblp.org},
  Biburl                   = {http://dblp.uni-trier.de/rec/bib/conf/tacs/Gardner94},
  Crossref                 = {DBLP:conf/tacs/1994},
  Doi                      = {10.1007/3-540-57887-0_115},
  Timestamp                = {Tue, 14 Jun 2011 01:00:00 +0200}
}

@InProceedings{DBLP:conf/lpar/Gardner93,
  Title                    = {A New Type THeory for Representing Logics},
  Author                   = {Philippa Gardner},
  Booktitle                = {Logic Programming and Automated Reasoning,4th International Conference,
 LPAR'93, St. Petersburg, Russia, July 13-20, 1993, Proceedings},
  Year                     = {1993},
  Pages                    = {146--157},

  Bibsource                = {dblp computer science bibliography, http://dblp.org},
  Biburl                   = {http://dblp.uni-trier.de/rec/bib/conf/lpar/Gardner93},
  Crossref                 = {DBLP:conf/lpar/1993},
  Doi                      = {10.1007/3-540-56944-8_49},
  Timestamp                = {Wed, 07 Oct 2009 01:00:00 +0200}
}

@InProceedings{DBLP:conf/tacs/GardnerH97,
  Title                    = {Types and Models for Higher-Order Action Calculi},
  Author                   = {Philippa Gardner and
 Masahito Hasegawa},
  Booktitle                = {Theoretical Aspects of Computer Software, Third International Symposium,
 {TACS} '97, Sendai, Japan, September 23-26, 1997, Proceedings},
  Year                     = {1997},
  Pages                    = {583--603},

  Bibsource                = {dblp computer science bibliography, http://dblp.org},
  Biburl                   = {http://dblp.uni-trier.de/rec/bib/conf/tacs/GardnerH97},
  Crossref                 = {DBLP:conf/tacs/1997},
  Doi                      = {10.1007/BFb0014569},
  Timestamp                = {Wed, 15 Jun 2011 01:00:00 +0200}
}

@InProceedings{DBLP:conf/concur/GardnerLW03,
  Title                    = {Linear Forwarders},
  Author                   = {Philippa Gardner and
 Cosimo Laneve and
 Lucian Wischik},
  Booktitle                = {{CONCUR} 2003 - Concurrency Theory, 14\textsuperscript{th} International Conference,
 Marseille, France, September 3-5, 2003, Proceedings},
  Year                     = {2003},
  Pages                    = {408--422},

  Bibsource                = {dblp computer science bibliography, http://dblp.org},
  Biburl                   = {http://dblp.uni-trier.de/rec/bib/conf/concur/GardnerLW03},
  Crossref                 = {DBLP:conf/concur/2003},
  Doi                      = {10.1007/978-3-540-45187-7_27},
  Timestamp                = {Tue, 05 Jul 2011 01:00:00 +0200}
}

@InProceedings{DBLP:conf/concur/GardnerLW02,
  Title                    = {The Fusion Machine},
  Author                   = {Philippa Gardner and
 Cosimo Laneve and
 Lucian Wischik},
  Booktitle                = {{CONCUR} 2002 - Concurrency Theory, 13\textsuperscript{th} International Conference,
 Brno, Czech Republic, August 20-23, 2002, Proceedings},
  Year                     = {2002},
  Pages                    = {418--433},

  Bibsource                = {dblp computer science bibliography, http://dblp.org},
  Biburl                   = {http://dblp.uni-trier.de/rec/bib/conf/concur/GardnerLW02},
  Crossref                 = {DBLP:conf/concur/2002},
  Timestamp                = {Fri, 11 Oct 2002 09:16:19 +0200},
  Url                      = {http://link.springer.de/link/service/series/0558/bibs/2421/24210418.htm}
}

@InProceedings{DBLP:conf/dbpl/GardnerM03,
  Title                    = {Modelling Dynamic Web Data},
  Author                   = {Philippa Gardner and
 Sergio Maffeis},
  Booktitle                = {Database Programming Languages, 9\textsuperscript{th} International Workshop, {DBPL}
 2003, Potsdam, Germany, September 6-8, 2003, Revised Papers},
  Year                     = {2003},
  Pages                    = {130--146},

  Bibsource                = {dblp computer science bibliography, http://dblp.org},
  Biburl                   = {http://dblp.uni-trier.de/rec/bib/conf/dbpl/GardnerM03},
  Crossref                 = {DBLP:conf/dbpl/2003},
  Doi                      = {10.1007/978-3-540-24607-7_9},
  Timestamp                = {Wed, 06 Jul 2011 01:00:00 +0200}
}

@InProceedings{DBLP:conf/popl/GardnerMS12,
  Title                    = {Towards a program logic for JavaScript},
  Author                   = {Philippa Gardner and
 Sergio Maffeis and
 Gareth David Smith},
  Booktitle                = {Proceedings of the 39\textsuperscript{th} {ACM} {SIGPLAN-SIGACT} Symposium on Principles
 of Programming Languages, {POPL} 2012, Philadelphia, Pennsylvania,
 USA, January 22-28, 2012},
  Year                     = {2012},
  Pages                    = {31--44},

  Bibsource                = {dblp computer science bibliography, http://dblp.org},
  Biburl                   = {http://dblp.uni-trier.de/rec/bib/conf/popl/GardnerMS12},
  Crossref                 = {DBLP:conf/popl/2012},
  Doi                      = {10.1145/2103656.2103663},
  Timestamp                = {Tue, 22 May 2012 15:24:56 +0200}
}

@InProceedings{DBLP:conf/esop/GardnerNW14,
  Title                    = {Local Reasoning for the {POSIX} File System},
  Author                   = {Philippa Gardner and
 Gian Ntzik and
 Adam Wright},
  Booktitle                = {Programming Languages and Systems - 23\textsuperscript{rd} European Symposium on Programming,
 {ESOP} 2014, Held as Part of the European Joint Conferences on Theory
 and Practice of Software, {ETAPS} 2014, Grenoble, France, April 5-13,
 2014, Proceedings},
  Year                     = {2014},
  Pages                    = {169--188},

  Bibsource                = {dblp computer science bibliography, http://dblp.org},
  Biburl                   = {http://dblp.uni-trier.de/rec/bib/conf/esop/GardnerNW14},
  Crossref                 = {DBLP:conf/esop/2014},
  Doi                      = {10.1007/978-3-642-54833-8_10},
  Timestamp                = {Sun, 23 Mar 2014 10:42:59 +0100}
}

@InProceedings{DBLP:conf/cav/GardnerSWW15,
  Title                    = {A Trusted Mechanised Specification of JavaScript: One Year On},
  Author                   = {Philippa Gardner and
 Gareth Smith and
 Conrad Watt and
 Thomas Wood},
  Booktitle                = {Computer Aided Verification - 27\textsuperscript{th} International Conference, {CAV}
 2015, San Francisco, CA, USA, July 18-24, 2015, Proceedings, Part
 {I}},
  Year                     = {2015},
  Pages                    = {3--10},

  Bibsource                = {dblp computer science bibliography, http://dblp.org},
  Biburl                   = {http://dblp.uni-trier.de/rec/bib/conf/cav/GardnerSWW15},
  Crossref                 = {DBLP:conf/cav/2015-1},
  Doi                      = {10.1007/978-3-319-21690-4_1},
  Timestamp                = {Mon, 20 Jul 2015 11:21:17 +0200}
}

@InProceedings{DBLP:conf/planX/GardnerSWZ08,
  Title                    = {{DOM:} Towards a Formal Specification},
  Author                   = {Philippa Gardner and
 Gareth Smith and
 Mark J. Wheelhouse and
 Uri Zarfaty},
  Booktitle                = {{PLAN-X} 2008, Programming Language Technologies for XML, An {ACM}
 {SIGPLAN} Workshop colocated with {POPL} 2008, San Francisco, California,
 USA, January 9, 2008},
  Year                     = {2008},

  Bibsource                = {dblp computer science bibliography, http://dblp.org},
  Biburl                   = {http://dblp.uni-trier.de/rec/bib/conf/planX/GardnerSWZ08},
  Crossref                 = {DBLP:conf/planX/2008},
  Timestamp                = {Tue, 16 Apr 2013 01:00:00 +0200},
  Url                      = {http://gemo.futurs.inria.fr/events/PLANX2008/papers/p18.pdf}
}

@InProceedings{DBLP:conf/pods/GardnerSWZ08,
  Title                    = {Local Hoare reasoning about {DOM}},
  Author                   = {Philippa Gardner and
 Gareth Smith and
 Mark J. Wheelhouse and
 Uri Zarfaty},
  Booktitle                = {Proceedings of the Twenty-Seventh {ACM} {SIGMOD-SIGACT-SIGART} Symposium
 on Principles of Database Systems, {PODS} 2008, June 9-11, 2008, Vancouver,
 BC, Canada},
  Year                     = {2008},
  Pages                    = {261--270},

  Bibsource                = {dblp computer science bibliography, http://dblp.org},
  Biburl                   = {http://dblp.uni-trier.de/rec/bib/conf/pods/GardnerSWZ08},
  Crossref                 = {DBLP:conf/pods/2008},
  Doi                      = {10.1145/1376916.1376953},
  Timestamp                = {Wed, 23 May 2012 16:53:24 +0200}
}

@InProceedings{DBLP:conf/wsfm/GardnerW09,
  Title                    = {Small Specifications for Tree Update},
  Author                   = {Philippa Gardner and
 Mark J. Wheelhouse},
  Booktitle                = {Web Services and Formal Methods, 6\textsuperscript{th} International Workshop, {WS-FM}
 2009, Bologna, Italy, September 4-5, 2009, Revised Selected Papers},
  Year                     = {2009},
  Pages                    = {178--195},

  Bibsource                = {dblp computer science bibliography, http://dblp.org},
  Biburl                   = {http://dblp.uni-trier.de/rec/bib/conf/wsfm/GardnerW09},
  Crossref                 = {DBLP:conf/wsfm/2009},
  Doi                      = {10.1007/978-3-642-14458-5_11},
  Timestamp                = {Tue, 31 Aug 2010 12:04:08 +0200}
}

@InProceedings{DBLP:conf/mfcs/GardnerW00,
  Title                    = {Explicit Fusions},
  Author                   = {Philippa Gardner and
 Lucian Wischik},
  Booktitle                = {Mathematical Foundations of Computer Science 2000, 25\textsuperscript{th} International
 Symposium, {MFCS} 2000, Bratislava, Slovakia, August 28 - September
 1, 2000, Proceedings},
  Year                     = {2000},
  Pages                    = {373--382},

  Bibsource                = {dblp computer science bibliography, http://dblp.org},
  Biburl                   = {http://dblp.uni-trier.de/rec/bib/conf/mfcs/GardnerW00},
  Crossref                 = {DBLP:conf/mfcs/2000},
  Doi                      = {10.1007/3-540-44612-5_33},
  Timestamp                = {Tue, 21 Jun 2011 01:00:00 +0200}
}

@InProceedings{DBLP:conf/wollic/GardnerZ07,
  Title                    = {An Introduction to Context Logic},
  Author                   = {Philippa Gardner and
 Uri Zarfaty},
  Booktitle                = {Logic, Language, Information and Computation, 14\textsuperscript{th} International Workshop,
 WoLLIC 2007, Rio de Janeiro, Brazil, July 2-5, 2007, Proceedings},
  Year                     = {2007},
  Pages                    = {189--202},

  Bibsource                = {dblp computer science bibliography, http://dblp.org},
  Biburl                   = {http://dblp.uni-trier.de/rec/bib/conf/wollic/GardnerZ07},
  Crossref                 = {DBLP:conf/wollic/2007},
  Doi                      = {10.1007/978-3-540-73445-1_14},
  Timestamp                = {Mon, 09 Jul 2007 08:18:51 +0200}
}

@InProceedings{DBLP:conf/dagstuhl/KonigMG04,
  Title                    = {04241~{A}bstracts Collection - Graph Transformations and Process Algebras
 for Modeling Distributed and Mobile Systems},
  Author                   = {Barbara K{\"{o}}nig and
 Ugo Montanari and
 Philippa Gardner},
  Booktitle                = {Graph Transformations and Process Algebras for Modeling Distributed
 and Mobile Systems, 6.-11. June 2004},
  Year                     = {2004},

  Bibsource                = {dblp computer science bibliography, http://dblp.org},
  Biburl                   = {http://dblp.uni-trier.de/rec/bib/conf/dagstuhl/KonigMG04},
  Crossref                 = {DBLP:conf/dagstuhl/2004P4241},
  Timestamp                = {Fri, 10 Apr 2015 01:00:00 +0200},
  Url                      = {http://drops.dagstuhl.de/opus/volltexte/2005/27}
}

@InProceedings{DBLP:conf/ifipTCS/MaffeisG04,
  Title                    = {Behavioural Equivalences for Dynamic Web Data},
  Author                   = {Sergio Maffeis and
 Philippa Gardner},
  Booktitle                = {Exploring New Frontiers of Theoretical Informatics, {IFIP} 18\textsuperscript{th} World
 Computer Congress, {TC1} 3\textsuperscript{rd} International Conference on Theoretical
 Computer Science (TCS2004), 22-27 August 2004, Toulouse, France},
  Year                     = {2004},
  Pages                    = {535--548},

  Bibsource                = {dblp computer science bibliography, http://dblp.org},
  Biburl                   = {http://dblp.uni-trier.de/rec/bib/conf/ifipTCS/MaffeisG04},
  Crossref                 = {DBLP:conf/ifipTCS/2004},
  Doi                      = {10.1007/1-4020-8141-3_41},
  Timestamp                = {Wed, 16 Jul 2014 09:03:52 +0200}
}

@InProceedings{DBLP:conf/esop/RaadVG15,
  Title                    = {CoLoSL: Concurrent Local Subjective Logic},
  Author                   = {Azalea Raad and
 Jules Villard and
 Philippa Gardner},
  Booktitle                = {Programming Languages and Systems - 24\textsuperscript{th} European Symposium on Programming,
 {ESOP} 2015, Held as Part of the European Joint Conferences on Theory
 and Practice of Software, {ETAPS} 2015, London, UK, April 11-18, 2015.
 Proceedings},
  Year                     = {2015},
  Pages                    = {710--735},

  Bibsource                = {dblp computer science bibliography, http://dblp.org},
  Biburl                   = {http://dblp.uni-trier.de/rec/bib/conf/esop/RaadVG15},
  Crossref                 = {DBLP:conf/esop/2015},
  Doi                      = {10.1007/978-3-662-46669-8_29},
  Timestamp                = {Tue, 07 Apr 2015 15:18:50 +0200}
}

@InProceedings{DBLP:conf/esop/RazaCG09,
  Title                    = {Automatic Parallelization with Separation Logic},
  Author                   = {Mohammad Raza and
 Cristiano Calcagno and
 Philippa Gardner},
  Booktitle                = {Programming Languages and Systems, 18\textsuperscript{th} European Symposium on Programming,
 {ESOP} 2009, Held as Part of the Joint European Conferences on Theory
 and Practice of Software, {ETAPS} 2009, York, UK, March 22-29, 2009.
 Proceedings},
  Year                     = {2009},
  Pages                    = {348--362},

  Bibsource                = {dblp computer science bibliography, http://dblp.org},
  Biburl                   = {http://dblp.uni-trier.de/rec/bib/conf/esop/RazaCG09},
  Crossref                 = {DBLP:conf/esop/2009},
  Doi                      = {10.1007/978-3-642-00590-9_25},
  Timestamp                = {Wed, 01 Apr 2009 14:21:16 +0200}
}

@InProceedings{DBLP:conf/fossacs/RazaG08,
  Title                    = {Footprints in Local Reasoning},
  Author                   = {Mohammad Raza and
 Philippa Gardner},
  Booktitle                = {Foundations of Software Science and Computational Structures, 11th
 International Conference, {FOSSACS} 2008, Held as Part of the Joint
 European Conferences on Theory and Practice of Software, {ETAPS} 2008,
 Budapest, Hungary, March 29 - April 6, 2008. Proceedings},
  Year                     = {2008},
  Pages                    = {201--215},

  Bibsource                = {dblp computer science bibliography, http://dblp.org},
  Biburl                   = {http://dblp.uni-trier.de/rec/bib/conf/fossacs/RazaG08},
  Crossref                 = {DBLP:conf/fossacs/2008},
  Doi                      = {10.1007/978-3-540-78499-9_15},
  Timestamp                = {Thu, 28 May 2015 17:23:23 +0200}
}

@InProceedings{DBLP:conf/oopsla/PintoDDGW11,
  Title                    = {A simple abstraction for complex concurrent indexes},
  Author                   = {Pedro da Rocha Pinto and
 Thomas Dinsdale{-}Young and
 Mike Dodds and
 Philippa Gardner and
 Mark J. Wheelhouse},
  Booktitle                = {Proceedings of the 26\textsuperscript{th} Annual {ACM} {SIGPLAN} Conference on Object-Oriented
 Programming, Systems, Languages, and Applications, {OOPSLA} 2011,
 part of {SPLASH} 2011, Portland, OR, USA, October 22 - 27, 2011},
  Year                     = {2011},
  Pages                    = {845--864},

  Bibsource                = {dblp computer science bibliography, http://dblp.org},
  Biburl                   = {http://dblp.uni-trier.de/rec/bib/conf/oopsla/PintoDDGW11},
  Crossref                 = {DBLP:conf/oopsla/2011},
  Doi                      = {10.1145/2048066.2048131},
  Timestamp                = {Tue, 25 Oct 2011 20:30:27 +0200}
}

@InProceedings{DBLP:conf/ecoop/PintoDG14,
  Title                    = {TaDA: {A} Logic for Time and Data Abstraction},
  Author                   = {Pedro da Rocha Pinto and
 Thomas Dinsdale{-}Young and
 Philippa Gardner},
  Booktitle                = {{ECOOP} 2014 - Object-Oriented Programming - 28\textsuperscript{th} European Conference,
 Uppsala, Sweden, July 28 - August 1, 2014. Proceedings},
  Year                     = {2014},
  Pages                    = {207--231},

  Bibsource                = {dblp computer science bibliography, http://dblp.org},
  Biburl                   = {http://dblp.uni-trier.de/rec/bib/conf/ecoop/PintoDG14},
  Crossref                 = {DBLP:conf/ecoop/2014},
  Doi                      = {10.1007/978-3-662-44202-9_9},
  Timestamp                = {Thu, 17 Jul 2014 15:50:44 +0200}
}

@InProceedings{DBLP:conf/fossacs/WischikG04,
  Title                    = {Strong Bisimulation for the Explicit Fusion Calculus},
  Author                   = {Lucian Wischik and
 Philippa Gardner},
  Booktitle                = {Foundations of Software Science and Computation Structures, 7\textsuperscript{th} International
 Conference, {FOSSACS} 2004, Held as Part of the Joint European Conferences
 on Theory and Practice of Software, {ETAPS} 2004, Barcelona, Spain,
 March 29 - April 2, 2004, Proceedings},
  Year                     = {2004},
  Pages                    = {484--498},

  Bibsource                = {dblp computer science bibliography, http://dblp.org},
  Biburl                   = {http://dblp.uni-trier.de/rec/bib/conf/fossacs/WischikG04},
  Crossref                 = {DBLP:conf/fossacs/2004},
  Doi                      = {10.1007/978-3-540-24727-2_34},
  Timestamp                = {Wed, 06 Jul 2011 01:00:00 +0200}
}

@Article{DBLP:journals/sigmod/BenediktFGGMW10,
  Title                    = {Report on the {EDBT/{IC}DT} 2010 workshop on updates in {XML}},
  Author                   = {Michael Benedikt and
 Daniela Florescu and
 Philippa Gardner and
 Giovanna Guerrini and
 Marco Mesiti and
 Emmanuel Waller},
  Journal                  = {{SIGMOD} Record},
  Year                     = {2010},
  Number                   = {1},
  Pages                    = {54--57},
  Volume                   = {39},

  Bibsource                = {dblp computer science bibliography, http://dblp.org},
  Biburl                   = {http://dblp.uni-trier.de/rec/bib/journals/sigmod/BenediktFGGMW10},
  Doi                      = {10.1145/1860702.1860713},
  Timestamp                = {Wed, 19 Sep 2012 01:00:00 +0200}
}

@Article{DBLP:journals/iandc/CalcagnoDG10,
  Title                    = {Adjunct elimination in Context Logic for trees},
  Author                   = {Cristiano Calcagno and
 Thomas Dinsdale{-}Young and
 Philippa Gardner},
  Journal                  = {Inf. Comput.},
  Year                     = {2010},
  Number                   = {5},
  Pages                    = {474--499},
  Volume                   = {208},

  Bibsource                = {dblp computer science bibliography, http://dblp.org},
  Biburl                   = {http://dblp.uni-trier.de/rec/bib/journals/iandc/CalcagnoDG10},
  Doi                      = {10.1016/j.ic.2009.02.013},
  Timestamp                = {Fri, 30 Apr 2010 01:00:00 +0200}
}

@Article{DBLP:journals/entcs/CalcagnoGZ07,
  Title                    = {Local Reasoning about Data Update},
  Author                   = {Cristiano Calcagno and
 Philippa Gardner and
 Uri Zarfaty},
  Journal                  = {Electr. Notes Theor. Comput. Sci.},
  Year                     = {2007},
  Pages                    = {133--175},
  Volume                   = {172},

  Bibsource                = {dblp computer science bibliography, http://dblp.org},
  Biburl                   = {http://dblp.uni-trier.de/rec/bib/journals/entcs/CalcagnoGZ07},
  Doi                      = {10.1016/j.entcs.2007.02.006},
  Timestamp                = {Thu, 10 May 2007 01:00:00 +0200}
}

@Article{DBLP:journals/entcs/CardelliCGKP09,
  Title                    = {A Process Model of Actin Polymerisation},
  Author                   = {Luca Cardelli and
 Emmanuelle Caron and
 Philippa Gardner and
 Ozan Kahramanogullari and
 Andrew Phillips},
  Journal                  = {Electr. Notes Theor. Comput. Sci.},
  Year                     = {2009},
  Number                   = {1},
  Pages                    = {127--144},
  Volume                   = {229},

  Bibsource                = {dblp computer science bibliography, http://dblp.org},
  Biburl                   = {http://dblp.uni-trier.de/rec/bib/journals/entcs/CardelliCGKP09},
  Doi                      = {10.1016/j.entcs.2009.02.009},
  Timestamp                = {Sun, 19 Apr 2009 01:00:00 +0200}
}

@Article{DBLP:journals/tcs/CardelliCGKP09,
  Title                    = {A process model of Rho GTP-binding proteins},
  Author                   = {Luca Cardelli and
 Emmanuelle Caron and
 Philippa Gardner and
 Ozan Kahramanogullari and
 Andrew Phillips},
  Journal                  = {Theor. Comput. Sci.},
  Year                     = {2009},
  Number                   = {33-34},
  Pages                    = {3166--3185},
  Volume                   = {410},

  Bibsource                = {dblp computer science bibliography, http://dblp.org},
  Biburl                   = {http://dblp.uni-trier.de/rec/bib/journals/tcs/CardelliCGKP09},
  Doi                      = {10.1016/j.tcs.2009.04.029},
  Timestamp                = {Thu, 03 Sep 2009 01:00:00 +0200}
}

@Article{DBLP:journals/tcs/CardelliG12,
  Title                    = {Processes in space},
  Author                   = {Luca Cardelli and
 Philippa Gardner},
  Journal                  = {Theor. Comput. Sci.},
  Year                     = {2012},
  Pages                    = {40--55},
  Volume                   = {431},

  Bibsource                = {dblp computer science bibliography, http://dblp.org},
  Biburl                   = {http://dblp.uni-trier.de/rec/bib/journals/tcs/CardelliG12},
  Doi                      = {10.1016/j.tcs.2011.12.051},
  Timestamp                = {Sat, 10 Nov 2012 00:00:00 +0100}
}

@Article{DBLP:journals/entcs/CardelliGG07,
  Title                    = {Manipulating Trees with Hidden Labels},
  Author                   = {Luca Cardelli and
 Philippa Gardner and
 Giorgio Ghelli},
  Journal                  = {Electr. Notes Theor. Comput. Sci.},
  Year                     = {2007},
  Pages                    = {177--201},
  Volume                   = {172},

  Bibsource                = {dblp computer science bibliography, http://dblp.org},
  Biburl                   = {http://dblp.uni-trier.de/rec/bib/journals/entcs/CardelliGG07},
  Doi                      = {10.1016/j.entcs.2007.02.007},
  Timestamp                = {Thu, 10 May 2007 01:00:00 +0200}
}

@Article{DBLP:journals/entcs/CardelliGK08,
  Title                    = {A Process Model of Rho GTP-binding Proteins in the Context of Phagocytosis},
  Author                   = {Luca Cardelli and
 Philippa Gardner and
 Ozan Kahramanogullari},
  Journal                  = {Electr. Notes Theor. Comput. Sci.},
  Year                     = {2008},
  Number                   = {3},
  Pages                    = {87--102},
  Volume                   = {194},

  Bibsource                = {dblp computer science bibliography, http://dblp.org},
  Biburl                   = {http://dblp.uni-trier.de/rec/bib/journals/entcs/CardelliGK08},
  Doi                      = {10.1016/j.entcs.2007.12.007},
  Timestamp                = {Thu, 12 Jun 2008 01:00:00 +0200}
}

@Article{DBLP:journals/iandc/DawarGG07,
  Title                    = {Expressiveness and complexity of graph logic},
  Author                   = {Anuj Dawar and
 Philippa Gardner and
 Giorgio Ghelli},
  Journal                  = {Inf. Comput.},
  Year                     = {2007},
  Number                   = {3},
  Pages                    = {263--310},
  Volume                   = {205},

  Bibsource                = {dblp computer science bibliography, http://dblp.org},
  Biburl                   = {http://dblp.uni-trier.de/rec/bib/journals/iandc/DawarGG07},
  Doi                      = {10.1016/j.ic.2006.10.006},
  Timestamp                = {Tue, 19 Jun 2007 01:00:00 +0200}
}

@Article{DBLP:journals/tcs/Gardner99,
  Title                    = {Closed Action Calculi},
  Author                   = {Philippa Gardner},
  Journal                  = {Theor. Comput. Sci.},
  Year                     = {1999},
  Number                   = {1-2},
  Pages                    = {77--103},
  Volume                   = {228},

  Bibsource                = {dblp computer science bibliography, http://dblp.org},
  Biburl                   = {http://dblp.uni-trier.de/rec/bib/journals/tcs/Gardner99},
  Doi                      = {10.1016/S0304-3975(98)00355-7},
  Timestamp                = {Wed, 19 Nov 2003 00:00:00 +0100}
}

@Article{DBLP:journals/entcs/Gardner97,
  Title                    = {A Type-theoretic Description of Action Calculi},
  Author                   = {Philippa Gardner},
  Journal                  = {Electr. Notes Theor. Comput. Sci.},
  Year                     = {1997},
  Pages                    = {52},
  Volume                   = {10},

  Bibsource                = {dblp computer science bibliography, http://dblp.org},
  Biburl                   = {http://dblp.uni-trier.de/rec/bib/journals/entcs/Gardner97},
  Doi                      = {10.1016/S1571-0661(05)82513-7},
  Timestamp                = {Mon, 20 Jun 2011 01:00:00 +0200}
}

@Article{DBLP:journals/entcs/Gardner95,
  Title                    = {A name-free account of action calculi},
  Author                   = {Philippa Gardner},
  Journal                  = {Electr. Notes Theor. Comput. Sci.},
  Year                     = {1995},
  Pages                    = {214--231},
  Volume                   = {1},

  Bibsource                = {dblp computer science bibliography, http://dblp.org},
  Biburl                   = {http://dblp.uni-trier.de/rec/bib/journals/entcs/Gardner95},
  Doi                      = {10.1016/S1571-0661(04)80012-4},
  Timestamp                = {Mon, 20 Jun 2011 01:00:00 +0200}
}

@Article{DBLP:journals/mscs/Gardner95,
  Title                    = {Equivalences between Logics and Their Representing Type Theories},
  Author                   = {Philippa Gardner},
  Journal                  = {Mathematical Structures in Computer Science},
  Year                     = {1995},
  Number                   = {3},
  Pages                    = {323--349},
  Volume                   = {5},

  Bibsource                = {dblp computer science bibliography, http://dblp.org},
  Biburl                   = {http://dblp.uni-trier.de/rec/bib/journals/mscs/Gardner95},
  Doi                      = {10.1017/S0960129500000785},
  Timestamp                = {Fri, 10 Jun 2011 01:00:00 +0200}
}

@Article{DBLP:journals/iandc/GardnerLW07,
  Title                    = {Linear forwarders},
  Author                   = {Philippa Gardner and
 Cosimo Laneve and
 Lucian Wischik},
  Journal                  = {Inf. Comput.},
  Year                     = {2007},
  Number                   = {10},
  Pages                    = {1526--1550},
  Volume                   = {205},

  Bibsource                = {dblp computer science bibliography, http://dblp.org},
  Biburl                   = {http://dblp.uni-trier.de/rec/bib/journals/iandc/GardnerLW07},
  Doi                      = {10.1016/j.ic.2007.01.006},
  Timestamp                = {Thu, 04 Oct 2007 01:00:00 +0200}
}

@Article{DBLP:journals/tcs/GardnerM05,
  Title                    = {Modelling dynamic web data},
  Author                   = {Philippa Gardner and
 Sergio Maffeis},
  Journal                  = {Theor. Comput. Sci.},
  Year                     = {2005},
  Number                   = {1},
  Pages                    = {104--131},
  Volume                   = {342},

  Bibsource                = {dblp computer science bibliography, http://dblp.org},
  Biburl                   = {http://dblp.uni-trier.de/rec/bib/journals/tcs/GardnerM05},
  Doi                      = {10.1016/j.tcs.2005.06.006},
  Timestamp                = {Tue, 10 Jan 2006 00:00:00 +0100}
}

@Article{DBLP:journals/entcs/GardnerRWW14,
  Title                    = {Abstract Local Reasoning for Concurrent Libraries: Mind the Gap},
  Author                   = {Philippa Gardner and
 Azalea Raad and
 Mark J. Wheelhouse and
 Adam Wright},
  Journal                  = {Electr. Notes Theor. Comput. Sci.},
  Year                     = {2014},
  Pages                    = {147--166},
  Volume                   = {308},

  Bibsource                = {dblp computer science bibliography, http://dblp.org},
  Biburl                   = {http://dblp.uni-trier.de/rec/bib/journals/entcs/GardnerRWW14},
  Doi                      = {10.1016/j.entcs.2014.10.009},
  Timestamp                = {Tue, 04 Nov 2014 00:00:00 +0100}
}

@Article{DBLP:journals/tcs/GardnerY06,
  Title                    = {Editorial},
  Author                   = {Philippa Gardner and
 Nobuko Yoshida},
  Journal                  = {Theor. Comput. Sci.},
  Year                     = {2006},
  Number                   = {2-3},
  Pages                    = {149},
  Volume                   = {358},

  Bibsource                = {dblp computer science bibliography, http://dblp.org},
  Biburl                   = {http://dblp.uni-trier.de/rec/bib/journals/tcs/GardnerY06},
  Doi                      = {10.1016/j.tcs.2006.01.013},
  Timestamp                = {Tue, 21 Nov 2006 00:00:00 +0100}
}

@Article{DBLP:journals/jlp/MaffeisG08,
  Title                    = {Behavioural equivalences for dynamic Web data},
  Author                   = {Sergio Maffeis and
 Philippa Gardner},
  Journal                  = {J. Log. Algebr. Program.},
  Year                     = {2008},
  Number                   = {1},
  Pages                    = {86--138},
  Volume                   = {75},

  Bibsource                = {dblp computer science bibliography, http://dblp.org},
  Biburl                   = {http://dblp.uni-trier.de/rec/bib/journals/jlp/MaffeisG08},
  Doi                      = {10.1016/j.jlap.2007.06.004},
  Timestamp                = {Wed, 25 Jun 2008 01:00:00 +0200}
}

@Article{DBLP:journals/corr/abs-0903-1032,
  Title                    = {Footprints in Local Reasoning},
  Author                   = {Mohammad Raza and
 Philippa Gardner},
  Journal                  = {Logical Methods in Computer Science},
  Year                     = {2009},
  Number                   = {2},
  Volume                   = {5},

  Bibsource                = {dblp computer science bibliography, http://dblp.org},
  Biburl                   = {http://dblp.uni-trier.de/rec/bib/journals/corr/abs-0903-1032},
  Timestamp                = {Tue, 21 Sep 2010 01:00:00 +0200},
  Url                      = {http://arxiv.org/abs/0903.1032}
}

@Article{DBLP:journals/tcs/WischikG05,
  Title                    = {Explicit fusions},
  Author                   = {Lucian Wischik and
 Philippa Gardner},
  Journal                  = {Theor. Comput. Sci.},
  Year                     = {2005},
  Number                   = {3},
  Pages                    = {606--630},
  Volume                   = {340},

  Bibsource                = {dblp computer science bibliography, http://dblp.org},
  Biburl                   = {http://dblp.uni-trier.de/rec/bib/journals/tcs/WischikG05},
  Doi                      = {10.1016/j.tcs.2005.03.017},
  Timestamp                = {Tue, 10 Jan 2006 00:00:00 +0100}
}

@Article{DBLP:journals/entcs/ZarfatyG06,
  Title                    = {Local Reasoning About Tree Update},
  Author                   = {Uri Zarfaty and
 Philippa Gardner},
  Journal                  = {Electr. Notes Theor. Comput. Sci.},
  Year                     = {2006},
  Pages                    = {399--424},
  Volume                   = {158},

  Bibsource                = {dblp computer science bibliography, http://dblp.org},
  Biburl                   = {http://dblp.uni-trier.de/rec/bib/journals/entcs/ZarfatyG06},
  Doi                      = {10.1016/j.entcs.2006.04.020},
  Timestamp                = {Mon, 24 Jul 2006 01:00:00 +0200}
}

@Proceedings{DBLP:conf/tacs/1997,
  Title                    = {Theoretical Aspects of Computer Software, Third International Symposium,
 {TACS} '97, Sendai, {Japan}, {September} 23-26, 1997, Proceedings},
  Year                     = {1997},
  Editor                   = {Mart{\'{\i}}n Abadi and
 Takayasu Ito},
  Publisher                = {Springer},
  Series                   = {Lecture Notes in Computer Science},
  Volume                   = {1281},

  Bibsource                = {dblp computer science bibliography, http://dblp.org},
  Biburl                   = {http://dblp.uni-trier.de/rec/bib/conf/tacs/1997},
  ISBN                     = {3-540-63388-X},
  Timestamp                = {Wed, 19 Jun 2002 14:59:13 +0200}
}

@Proceedings{DBLP:conf/fossacs/2008,
  Title                    = {Foundations of Software Science and Computational Structures, 11th
 International Conference, {FOSSACS} 2008, Held as Part of the Joint
 {Europe}an Conferences on Theory and Practice of Software, {ETAPS} 2008,
 Budapest, {Hungary}, {March} 29 - {April} 6, 2008. Proceedings},
  Year                     = {2008},
  Editor                   = {Roberto M. Amadio},
  Publisher                = {Springer},
  Series                   = {Lecture Notes in Computer Science},
  Volume                   = {4962},

  Bibsource                = {dblp computer science bibliography, http://dblp.org},
  Biburl                   = {http://dblp.uni-trier.de/rec/bib/conf/fossacs/2008},
  Doi                      = {10.1007/978-3-540-78499-9},
  ISBN                     = {978-3-540-78497-5},
  Timestamp                = {Thu, 28 May 2015 17:23:23 +0200}
}

@Proceedings{DBLP:conf/concur/2003,
  Title                    = {{CONCUR} 2003 - Concurrency Theory, 14th International Conference,
 Marseille, {France}, {September} 3-5, 2003, Proceedings},
  Year                     = {2003},
  Editor                   = {Roberto M. Amadio and
 Denis Lugiez},
  Publisher                = {Springer},
  Series                   = {Lecture Notes in Computer Science},
  Volume                   = {2761},

  Bibsource                = {dblp computer science bibliography, http://dblp.org},
  Biburl                   = {http://dblp.uni-trier.de/rec/bib/conf/concur/2003},
  ISBN                     = {3-540-40753-7},
  Timestamp                = {Wed, 26 Nov 2003 08:50:36 +0100}
}

@Proceedings{DBLP:conf/concur/2002,
  Title                    = {{CONCUR} 2002 - Concurrency Theory, 13th International Conference,
 Brno, {Czech Republic}, {August} 20-23, 2002, Proceedings},
  Year                     = {2002},
  Editor                   = {Lubos Brim and
 Petr Jancar and
 Mojm{\'{\i}}r Kret{\'{\i}}nsk{\'{y}} and
 Anton{\'{\i}}n Kucera},
  Publisher                = {Springer},
  Series                   = {Lecture Notes in Computer Science},
  Volume                   = {2421},

  Bibsource                = {dblp computer science bibliography, http://dblp.org},
  Biburl                   = {http://dblp.uni-trier.de/rec/bib/conf/concur/2002},
  ISBN                     = {3-540-44043-7},
  Timestamp                = {Fri, 11 Oct 2002 09:16:19 +0200}
}

@Proceedings{DBLP:conf/esop/2009,
  Title                    = {Programming Languages and Systems, 18th {Europe}an Symposium on Programming,
 {ESOP} 2009, Held as Part of the Joint {Europe}an Conferences on Theory
 and Practice of Software, {ETAPS} 2009, York, UK, {March} 22-29, 2009.
 Proceedings},
  Year                     = {2009},
  Editor                   = {Giuseppe Castagna},
  Publisher                = {Springer},
  Series                   = {Lecture Notes in Computer Science},
  Volume                   = {5502},

  Bibsource                = {dblp computer science bibliography, http://dblp.org},
  Biburl                   = {http://dblp.uni-trier.de/rec/bib/conf/esop/2009},
  Doi                      = {10.1007/978-3-642-00590-9},
  ISBN                     = {978-3-642-00589-3},
  Timestamp                = {Wed, 01 Apr 2009 14:21:16 +0200}
}

@Proceedings{DBLP:conf/calco/2011,
  Title                    = {Algebra and Coalgebra in Computer Science - 4th International Conference,
 {CALCO} 2011, Winchester, UK, {August} 30 - {September} 2, 2011. Proceedings},
  Year                     = {2011},
  Editor                   = {Andrea Corradini and
 Bartek Klin and
 Corina C{\^{\i}}rstea},
  Publisher                = {Springer},
  Series                   = {Lecture Notes in Computer Science},
  Volume                   = {6859},

  Bibsource                = {dblp computer science bibliography, http://dblp.org},
  Biburl                   = {http://dblp.uni-trier.de/rec/bib/conf/calco/2011},
  Doi                      = {10.1007/978-3-642-22944-2},
  ISBN                     = {978-3-642-22943-5},
  Timestamp                = {Mon, 29 Aug 2011 08:21:56 +0200}
}

@Proceedings{DBLP:conf/ecoop/2010,
  Title                    = {{ECOOP} 2010 - Object-Oriented Programming, 24th {Europe}an Conference,
 Maribor, {Slovenia}, {June} 21-25, 2010. Proceedings},
  Year                     = {2010},
  Editor                   = {Theo D'Hondt},
  Publisher                = {Springer},
  Series                   = {Lecture Notes in Computer Science},
  Volume                   = {6183},

  Bibsource                = {dblp computer science bibliography, http://dblp.org},
  Biburl                   = {http://dblp.uni-trier.de/rec/bib/conf/ecoop/2010},
  Doi                      = {10.1007/978-3-642-14107-2},
  ISBN                     = {978-3-642-14106-5},
  Timestamp                = {Thu, 01 Jul 2010 07:20:31 +0200}
}

@Proceedings{DBLP:conf/edbtw/2010,
  Title                    = {Proceedings of the 2010 {EDBT/{IC}DT} Workshops, Lausanne, {Switzerland},
 {March} 22-26, 2010},
  Year                     = {2010},
  Editor                   = {Florian Daniel and
 Lois M. L. Delcambre and
 Farshad Fotouhi and
 Irene Garrig{\'{o}}s and
 Giovanna Guerrini and
 Jose{-}Norberto Maz{\'{o}}n and
 Marco Mesiti and
 Sascha M{\"{u}}ller{-}Feuerstein and
 Juan Trujillo and
 Traian Marius Truta and
 Bernhard Volz and
 Emmanuel Waller and
 Li Xiong and
 Esteban Zim{\'{a}}nyi},
  Publisher                = {{ACM}},
  Series                   = {{ACM} International Conference Proceeding Series},

  Bibsource                = {dblp computer science bibliography, http://dblp.org},
  Biburl                   = {http://dblp.uni-trier.de/rec/bib/conf/edbtw/2010},
  ISBN                     = {978-1-60558-990-9},
  Timestamp                = {Thu, 15 Apr 2010 19:02:32 +0200}
}

@Proceedings{DBLP:conf/esop/2013,
  Title                    = {Programming Languages and Systems - 22nd {Europe}an Symposium on Programming,
 {ESOP} 2013, Held as Part of the {Europe}an Joint Conferences on Theory
 and Practice of Software, {ETAPS} 2013, Rome, {Italy}, {March} 16-24,
 2013. Proceedings},
  Year                     = {2013},
  Editor                   = {Matthias Felleisen and
 Philippa Gardner},
  Publisher                = {Springer},
  Series                   = {Lecture Notes in Computer Science},
  Volume                   = {7792},

  Bibsource                = {dblp computer science bibliography, http://dblp.org},
  Biburl                   = {http://dblp.uni-trier.de/rec/bib/conf/esop/2013},
  Doi                      = {10.1007/978-3-642-37036-6},
  ISBN                     = {978-3-642-37035-9},
  Timestamp                = {Mon, 18 Feb 2013 00:00:00 +0100}
}

@Proceedings{DBLP:conf/cie/2010,
  Title                    = {Programs, Proofs, Processes, 6th Conference on Computability in {Europe},
 CiE 2010, Ponta Delgada, Azores, {Portugal}, {June} 30 - {July} 4, 2010.
 Proceedings},
  Year                     = {2010},
  Editor                   = {Fernando Ferreira and
 Benedikt L{\"{o}}we and
 Elvira Mayordomo and
 Lu{\'{\i}}s Mendes Gomes},
  Publisher                = {Springer},
  Series                   = {Lecture Notes in Computer Science},
  Volume                   = {6158},

  Bibsource                = {dblp computer science bibliography, http://dblp.org},
  Biburl                   = {http://dblp.uni-trier.de/rec/bib/conf/cie/2010},
  Doi                      = {10.1007/978-3-642-13962-8},
  ISBN                     = {978-3-642-13961-1},
  Timestamp                = {Mon, 28 Jun 2010 14:55:15 +0200}
}

@Proceedings{DBLP:conf/popl/2012,
  Title                    = {Proceedings of the 39th {ACM SIGPLAN-SIGACT} Symposium on Principles
 of Programming Languages, {POPL} 2012, Philadelphia, Pennsylvania,
 {USA}, {January} 22-28, 2012},
  Year                     = {2012},
  Editor                   = {John Field and
 Michael Hicks},
  Publisher                = {{ACM}},

  Bibsource                = {dblp computer science bibliography, http://dblp.org},
  Biburl                   = {http://dblp.uni-trier.de/rec/bib/conf/popl/2012},
  ISBN                     = {978-1-4503-1083-3},
  Timestamp                = {Tue, 22 May 2012 15:24:56 +0200},
  Url                      = {http://dl.acm.org/citation.cfm?id=2103656}
}

@Proceedings{DBLP:conf/dbpl/2009,
  Title                    = {Database Programming Languages - {DBPL} 2009, 12th International Symposium,
 Lyon, {France}, {August} 24, 2009. Proceedings},
  Year                     = {2009},
  Editor                   = {Philippa Gardner and
 Floris Geerts},
  Publisher                = {Springer},
  Series                   = {Lecture Notes in Computer Science},
  Volume                   = {5708},

  Bibsource                = {dblp computer science bibliography, http://dblp.org},
  Biburl                   = {http://dblp.uni-trier.de/rec/bib/conf/dbpl/2009},
  ISBN                     = {978-3-642-03792-4},
  Timestamp                = {Thu, 20 Aug 2009 01:00:00 +0200}
}

@Proceedings{DBLP:conf/concur/2004,
  Title                    = {{CONCUR} 2004 - Concurrency Theory, 15th International Conference,
 London, UK, {August} 31 - {September} 3, 2004, Proceedings},
  Year                     = {2004},
  Editor                   = {Philippa Gardner and
 Nobuko Yoshida},
  Publisher                = {Springer},
  Series                   = {Lecture Notes in Computer Science},
  Volume                   = {3170},

  Bibsource                = {dblp computer science bibliography, http://dblp.org},
  Biburl                   = {http://dblp.uni-trier.de/rec/bib/conf/concur/2004},
  ISBN                     = {3-540-22940-X},
  Timestamp                = {Mon, 06 Sep 2004 01:00:00 +0200}
}

@Proceedings{DBLP:conf/popl/2013,
  Title                    = {The 40th Annual {ACM SIGPLAN-SIGACT} Symposium on Principles of
 Programming Languages, {POPL} '13, Rome, {Italy} - {January} 23 - 25,
 2013},
  Year                     = {2013},
  Editor                   = {Roberto Giacobazzi and
 Radhia Cousot},
  Publisher                = {{ACM}},

  Bibsource                = {dblp computer science bibliography, http://dblp.org},
  Biburl                   = {http://dblp.uni-trier.de/rec/bib/conf/popl/2013},
  ISBN                     = {978-1-4503-1832-7},
  Timestamp                = {Fri, 18 Jan 2013 17:48:28 +0100},
  Url                      = {http://dl.acm.org/citation.cfm?id=2429069}
}

@Proceedings{DBLP:conf/fossacs/2003,
  Title                    = {Foundations of Software Science and Computational Structures, 6th
 International Conference, {FOSSACS} 2003~{H}eld as Part of the Joint
 {Europe}an Conference on Theory and Practice of Software, {ETAPS} 2003,
 Warsaw, {Poland}, {April} 7-11, 2003, Proceedings},
  Year                     = {2003},
  Editor                   = {Andrew D. Gordon},
  Publisher                = {Springer},
  Series                   = {Lecture Notes in Computer Science},
  Volume                   = {2620},

  Bibsource                = {dblp computer science bibliography, http://dblp.org},
  Biburl                   = {http://dblp.uni-trier.de/rec/bib/conf/fossacs/2003},
  ISBN                     = {3-540-00897-7},
  Timestamp                = {Tue, 04 Mar 2003 10:28:25 +0100}
}

@Proceedings{DBLP:conf/tacs/1994,
  Title                    = {Theoretical Aspects of Computer Software, International Conference
 {TACS} '94, Sendai, {Japan}, {April} 19-22, 1994, Proceedings},
  Year                     = {1994},
  Editor                   = {Masami Hagiya and
 John C. Mitchell},
  Publisher                = {Springer},
  Series                   = {Lecture Notes in Computer Science},
  Volume                   = {789},

  Bibsource                = {dblp computer science bibliography, http://dblp.org},
  Biburl                   = {http://dblp.uni-trier.de/rec/bib/conf/tacs/1994},
  ISBN                     = {3-540-57887-0},
  Timestamp                = {Wed, 19 Jun 2002 15:02:25 +0200}
}

@Proceedings{DBLP:conf/popl/2007,
  Title                    = {Proceedings of the 34th {ACM SIGPLAN-SIGACT} Symposium on Principles
 of Programming Languages, {POPL} 2007, Nice, {France}, {January} 17-19,
 2007},
  Year                     = {2007},
  Editor                   = {Martin Hofmann and
 Matthias Felleisen},
  Publisher                = {{ACM}},

  Bibsource                = {dblp computer science bibliography, http://dblp.org},
  Biburl                   = {http://dblp.uni-trier.de/rec/bib/conf/popl/2007},
  ISBN                     = {1-59593-575-4},
  Timestamp                = {Tue, 05 Nov 2013 17:32:56 +0100},
  Url                      = {http://dl.acm.org/citation.cfm?id=1190216}
}

@Proceedings{DBLP:conf/popl/2014,
  Title                    = {The 41{s}t Annual {ACM SIGPLAN-SIGACT} Symposium on Principles of
 Programming Languages, {POPL} '14, San Diego, CA, {USA}, {January} 20-21,
 2014},
  Year                     = {2014},
  Editor                   = {Suresh Jagannathan and
 Peter Sewell},
  Publisher                = {{ACM}},

  Bibsource                = {dblp computer science bibliography, http://dblp.org},
  Biburl                   = {http://dblp.uni-trier.de/rec/bib/conf/popl/2014},
  ISBN                     = {978-1-4503-2544-8},
  Timestamp                = {Thu, 09 Jan 2014 08:21:22 +0100},
  Url                      = {http://dl.acm.org/citation.cfm?id=2535838}
}

@Proceedings{DBLP:conf/ecoop/2014,
  Title                    = {{ECOOP} 2014 - Object-Oriented Programming - 28th {Europe}an Conference,
 Uppsala, {Sweden}, {July} 28 - {August} 1, 2014. Proceedings},
  Year                     = {2014},
  Editor                   = {Richard Jones},
  Publisher                = {Springer},
  Series                   = {Lecture Notes in Computer Science},
  Volume                   = {8586},

  Bibsource                = {dblp computer science bibliography, http://dblp.org},
  Biburl                   = {http://dblp.uni-trier.de/rec/bib/conf/ecoop/2014},
  Doi                      = {10.1007/978-3-662-44202-9},
  ISBN                     = {978-3-662-44201-2},
  Timestamp                = {Thu, 17 Jul 2014 15:50:44 +0200}
}

@Proceedings{DBLP:conf/dagstuhl/2004P4241,
  Title                    = {Graph Transformations and Process Algebras for Modeling Distributed
 and Mobile Systems, 6.-11. {June} 2004},
  Year                     = {2005},
  Editor                   = {Barbara K{\"{o}}nig and
 Ugo Montanari and
 Philippa Gardner},
  Publisher                = {IBFI, Schloss Dagstuhl, Germany},
  Series                   = {Dagstuhl Seminar Proceedings},
  Volume                   = {04241},

  Bibsource                = {dblp computer science bibliography, http://dblp.org},
  Biburl                   = {http://dblp.uni-trier.de/rec/bib/conf/dagstuhl/2004P4241},
  Timestamp                = {Wed, 07 Jan 2015 18:21:20 +0100},
  Url                      = {http://drops.dagstuhl.de/portals/04241/}
}

@Proceedings{DBLP:conf/cav/2015-1,
  Title                    = {Computer Aided Verification - 27th International Conference, {CAV}
 2015, San Francisco, CA, {USA}, {July} 18-24, 2015, Proceedings, Part
 {I}},
  Year                     = {2015},
  Editor                   = {Daniel Kroening and
 Corina S. Pasareanu},
  Publisher                = {Springer},
  Series                   = {Lecture Notes in Computer Science},
  Volume                   = {9206},

  Bibsource                = {dblp computer science bibliography, http://dblp.org},
  Biburl                   = {http://dblp.uni-trier.de/rec/bib/conf/cav/2015-1},
  Doi                      = {10.1007/978-3-319-21690-4},
  ISBN                     = {978-3-319-21689-8},
  Timestamp                = {Mon, 20 Jul 2015 11:21:17 +0200}
}

@Proceedings{DBLP:conf/ifipTCS/2004,
  Title                    = {Exploring New Frontiers of Theoretical Informatics, {IFIP} 18th World
 Computer Congress, {TC1} 3rd International Conference on Theoretical
 Computer Science (TCS2004), 22-27~{A}ugust 2004, Toulouse, {France}},
  Year                     = {2004},
  Editor                   = {Jean{-}Jacques L{\'{e}}vy and
 Ernst W. Mayr and
 John C. Mitchell},
  Publisher                = {Kluwer/Springer},
  Series                   = {{IFIP}},
  Volume                   = {155},

  Bibsource                = {dblp computer science bibliography, http://dblp.org},
  Biburl                   = {http://dblp.uni-trier.de/rec/bib/conf/ifipTCS/2004},
  ISBN                     = {1-4020-8140-5},
  Timestamp                = {Wed, 16 Jul 2014 09:03:52 +0200}
}

@Proceedings{DBLP:conf/wsfm/2009,
  Title                    = {Web Services and Formal Methods, 6th International Workshop, {WS-FM}
 2009, Bologna, {Italy}, {September} 4-5, 2009, Revised Selected Papers},
  Year                     = {2010},
  Editor                   = {Cosimo Laneve and
 Jianwen Su},
  Publisher                = {Springer},
  Series                   = {Lecture Notes in Computer Science},
  Volume                   = {6194},

  Bibsource                = {dblp computer science bibliography, http://dblp.org},
  Biburl                   = {http://dblp.uni-trier.de/rec/bib/conf/wsfm/2009},
  Doi                      = {10.1007/978-3-642-14458-5},
  ISBN                     = {978-3-642-14457-8},
  Timestamp                = {Tue, 31 Aug 2010 12:04:08 +0200}
}

@Proceedings{DBLP:conf/dbpl/2003,
  Title                    = {Database Programming Languages, 9th International Workshop, {DBPL}
 2003, Potsdam, {Germany}, {September} 6-8, 2003, Revised Papers},
  Year                     = {2004},
  Editor                   = {Georg Lausen and
 Dan Suciu},
  Publisher                = {Springer},
  Series                   = {Lecture Notes in Computer Science},
  Volume                   = {2921},

  Bibsource                = {dblp computer science bibliography, http://dblp.org},
  Biburl                   = {http://dblp.uni-trier.de/rec/bib/conf/dbpl/2003},
  ISBN                     = {3-540-20896-8},
  Timestamp                = {Thu, 19 Feb 2004 09:22:07 +0100}
}

@Proceedings{DBLP:conf/vstte/2010,
  Title                    = {Verified Software: Theories, Tools, Experiments, Third International
 Conference, {VSTTE} 2010, Edinburgh, UK, {August} 16-19, 2010. Proceedings},
  Year                     = {2010},
  Editor                   = {Gary T. Leavens and
 Peter W. O'Hearn and
 Sriram K. Rajamani},
  Publisher                = {Springer},
  Series                   = {Lecture Notes in Computer Science},
  Volume                   = {6217},

  Bibsource                = {dblp computer science bibliography, http://dblp.org},
  Biburl                   = {http://dblp.uni-trier.de/rec/bib/conf/vstte/2010},
  Doi                      = {10.1007/978-3-642-15057-9},
  ISBN                     = {978-3-642-15056-2},
  Timestamp                = {Tue, 07 Dec 2010 16:18:25 +0100}
}

@Proceedings{DBLP:conf/wollic/2007,
  Title                    = {Logic, Language, Information and Computation, 14th International Workshop,
 WoLLIC 2007, Rio de Janeiro, {Brazil}, {July} 2-5, 2007, Proceedings},
  Year                     = {2007},
  Editor                   = {Daniel Leivant and
 Ruy J. G. B. de Queiroz},
  Publisher                = {Springer},
  Series                   = {Lecture Notes in Computer Science},
  Volume                   = {4576},

  Bibsource                = {dblp computer science bibliography, http://dblp.org},
  Biburl                   = {http://dblp.uni-trier.de/rec/bib/conf/wollic/2007},
  ISBN                     = {978-3-540-73443-7},
  Timestamp                = {Mon, 09 Jul 2007 08:18:51 +0200}
}

@Proceedings{DBLP:conf/pods/2008,
  Title                    = {Proceedings of the Twenty-Seventh {ACM SIGMOD-SIGACT-SIGART} Symposium
 on Principles of Database Systems, {PODS} 2008, {June} 9-11, 2008, Vancouver,
 BC, {Canada}},
  Year                     = {2008},
  Editor                   = {Maurizio Lenzerini and
 Domenico Lembo},
  Publisher                = {{ACM}},

  Bibsource                = {dblp computer science bibliography, http://dblp.org},
  Biburl                   = {http://dblp.uni-trier.de/rec/bib/conf/pods/2008},
  ISBN                     = {978-1-60558-108-8},
  Timestamp                = {Wed, 23 May 2012 16:53:24 +0200},
  Url                      = {http://dl.acm.org/citation.cfm?id=1376916}
}

@Proceedings{DBLP:conf/fsttcs/2004,
  Title                    = {{FSTTCS} 2004: Foundations of Software Technology and Theoretical
 Computer Science, 24th International Conference, Chennai, {India}, {December}
 16-18, 2004, Proceedings},
  Year                     = {2004},
  Editor                   = {Kamal Lodaya and
 Meena Mahajan},
  Publisher                = {Springer},
  Series                   = {Lecture Notes in Computer Science},
  Volume                   = {3328},

  Bibsource                = {dblp computer science bibliography, http://dblp.org},
  Biburl                   = {http://dblp.uni-trier.de/rec/bib/conf/fsttcs/2004},
  ISBN                     = {3-540-24058-6},
  Timestamp                = {Mon, 13 Dec 2004 11:23:17 +0100}
}

@Proceedings{DBLP:conf/oopsla/2011,
  Title                    = {Proceedings of the 26th Annual {ACM SIGPLAN} Conference on Object-Oriented
 Programming, Systems, Languages, and Applications, {OOPSLA} 2011,
 part of {SPLASH} 2011, Portland, {OR}, {USA}, {October} 22 - 27, 2011},
  Year                     = {2011},
  Editor                   = {Cristina Videira Lopes and
 Kathleen Fisher},
  Publisher                = {{ACM}},

  Bibsource                = {dblp computer science bibliography, http://dblp.org},
  Biburl                   = {http://dblp.uni-trier.de/rec/bib/conf/oopsla/2011},
  ISBN                     = {978-1-4503-0940-0},
  Timestamp                = {Tue, 25 Oct 2011 20:30:27 +0200}
}

@Proceedings{DBLP:conf/mfcs/2000,
  Title                    = {Mathematical Foundations of Computer Science 2000, 25th International
 Symposium, {MFCS} 2000, Bratislava, {Slovakia}, {August} 28 - {September}
 1, 2000, Proceedings},
  Year                     = {2000},
  Editor                   = {Mogens Nielsen and
 Branislav Rovan},
  Publisher                = {Springer},
  Series                   = {Lecture Notes in Computer Science},
  Volume                   = {1893},

  Bibsource                = {dblp computer science bibliography, http://dblp.org},
  Biburl                   = {http://dblp.uni-trier.de/rec/bib/conf/mfcs/2000},
  ISBN                     = {3-540-67901-4},
  Timestamp                = {Thu, 03 Jan 2002 12:05:57 +0100}
}

@Proceedings{DBLP:conf/csl/1997,
  Title                    = {Computer Science Logic, 11th International Workshop, {CSL} '97, Annual
 Conference of the EACSL, Aarhus, {Denmark}, {August} 23-29, 1997, Selected
 Papers},
  Year                     = {1998},
  Editor                   = {Mogens Nielsen and
 Wolfgang Thomas},
  Publisher                = {Springer},
  Series                   = {Lecture Notes in Computer Science},
  Volume                   = {1414},

  Bibsource                = {dblp computer science bibliography, http://dblp.org},
  Biburl                   = {http://dblp.uni-trier.de/rec/bib/conf/csl/1997},
  ISBN                     = {3-540-64570-5},
  Timestamp                = {Tue, 12 Feb 2002 10:21:01 +0100}
}

@Proceedings{DBLP:conf/concur/2000,
  Title                    = {{CONCUR} 2000 - Concurrency Theory, 11th International Conference,
 University Park, PA, {USA}, {August} 22-25, 2000, Proceedings},
  Year                     = {2000},
  Editor                   = {Catuscia Palamidessi},
  Publisher                = {Springer},
  Series                   = {Lecture Notes in Computer Science},
  Volume                   = {1877},

  Bibsource                = {dblp computer science bibliography, http://dblp.org},
  Biburl                   = {http://dblp.uni-trier.de/rec/bib/conf/concur/2000},
  ISBN                     = {3-540-67897-2},
  Timestamp                = {Thu, 03 Jan 2002 11:55:34 +0100}
}

@Proceedings{DBLP:conf/popl/2005,
  Title                    = {Proceedings of the 32nd {ACM SIGPLAN-SIGACT} Symposium on Principles
 of Programming Languages, {POPL} 2005, Long Beach, California, {USA},
 {January} 12-14, 2005},
  Year                     = {2005},
  Editor                   = {Jens Palsberg and
 Mart{\'{\i}}n Abadi},
  Publisher                = {{ACM}},

  Bibsource                = {dblp computer science bibliography, http://dblp.org},
  Biburl                   = {http://dblp.uni-trier.de/rec/bib/conf/popl/2005},
  ISBN                     = {1-58113-830-X},
  Timestamp                = {Tue, 22 May 2012 15:24:56 +0200},
  Url                      = {http://dl.acm.org/citation.cfm?id=1040305}
}

@Proceedings{DBLP:conf/fossacs/2005,
  Title                    = {Foundations of Software Science and Computational Structures, 8th
 International Conference, {FOSSACS} 2005, Held as Part of the Joint
 {Europe}an Conferences on Theory and Practice of Software, {ETAPS} 2005,
 Edinburgh, UK, {April} 4-8, 2005, Proceedings},
  Year                     = {2005},
  Editor                   = {Vladimiro Sassone},
  Publisher                = {Springer},
  Series                   = {Lecture Notes in Computer Science},
  Volume                   = {3441},

  Bibsource                = {dblp computer science bibliography, http://dblp.org},
  Biburl                   = {http://dblp.uni-trier.de/rec/bib/conf/fossacs/2005},
  Doi                      = {10.1007/b106850},
  ISBN                     = {3-540-25388-2},
  Timestamp                = {Thu, 28 May 2015 17:23:23 +0200}
}

@Proceedings{DBLP:conf/esop/2014,
  Title                    = {Programming Languages and Systems - 23rd {Europe}an Symposium on Programming,
 {ESOP} 2014, Held as Part of the {Europe}an Joint Conferences on Theory
 and Practice of Software, {ETAPS} 2014, Grenoble, {France}, {April} 5-13,
 2014, Proceedings},
  Year                     = {2014},
  Editor                   = {Zhong Shao},
  Publisher                = {Springer},
  Series                   = {Lecture Notes in Computer Science},
  Volume                   = {8410},

  Bibsource                = {dblp computer science bibliography, http://dblp.org},
  Biburl                   = {http://dblp.uni-trier.de/rec/bib/conf/esop/2014},
  Doi                      = {10.1007/978-3-642-54833-8},
  ISBN                     = {978-3-642-54832-1},
  Timestamp                = {Sun, 23 Mar 2014 10:42:59 +0100}
}

@Proceedings{DBLP:conf/aplas/2007,
  Title                    = {Programming Languages and Systems, 5th {Asia}n Symposium, {APLAS} 2007,
 {Singapore}, {November} 29-{December} 1, 2007, Proceedings},
  Year                     = {2007},
  Editor                   = {Zhong Shao},
  Publisher                = {Springer},
  Series                   = {Lecture Notes in Computer Science},
  Volume                   = {4807},

  Bibsource                = {dblp computer science bibliography, http://dblp.org},
  Biburl                   = {http://dblp.uni-trier.de/rec/bib/conf/aplas/2007},
  ISBN                     = {978-3-540-76636-0},
  Timestamp                = {Thu, 29 Nov 2007 12:28:33 +0100}
}

@Proceedings{DBLP:conf/esop/2015,
  Title                    = {Programming Languages and Systems - 24th {Europe}an Symposium on Programming,
 {ESOP} 2015, Held as Part of the {Europe}an Joint Conferences on Theory
 and Practice of Software, {ETAPS} 2015, London, UK, {April} 11-18, 2015.
 Proceedings},
  Year                     = {2015},
  Editor                   = {Jan Vitek},
  Publisher                = {Springer},
  Series                   = {Lecture Notes in Computer Science},
  Volume                   = {9032},

  Bibsource                = {dblp computer science bibliography, http://dblp.org},
  Biburl                   = {http://dblp.uni-trier.de/rec/bib/conf/esop/2015},
  Doi                      = {10.1007/978-3-662-46669-8},
  ISBN                     = {978-3-662-46668-1},
  Timestamp                = {Tue, 07 Apr 2015 15:18:50 +0200}
}

@Proceedings{DBLP:conf/lpar/1993,
  Title                    = {Logic Programming and Automated Reasoning,4th International Conference,
 LPAR'93, St. Petersburg, {Russia}, {July} 13-20, 1993, Proceedings},
  Year                     = {1993},
  Editor                   = {Andrei Voronkov},
  Publisher                = {Springer},
  Series                   = {Lecture Notes in Computer Science},
  Volume                   = {698},

  Bibsource                = {dblp computer science bibliography, http://dblp.org},
  Biburl                   = {http://dblp.uni-trier.de/rec/bib/conf/lpar/1993},
  ISBN                     = {3-540-56944-8},
  Timestamp                = {Tue, 26 Feb 2002 16:38:40 +0100}
}

@Proceedings{DBLP:conf/fossacs/2004,
  Title                    = {Foundations of Software Science and Computation Structures, 7th International
 Conference, {FOSSACS} 2004, Held as Part of the Joint {Europe}an Conferences
 on Theory and Practice of Software, {ETAPS} 2004, Barcelona, {Spain},
 {March} 29 - {April} 2, 2004, Proceedings},
  Year                     = {2004},
  Editor                   = {Igor Walukiewicz},
  Publisher                = {Springer},
  Series                   = {Lecture Notes in Computer Science},
  Volume                   = {2987},

  Bibsource                = {dblp computer science bibliography, http://dblp.org},
  Biburl                   = {http://dblp.uni-trier.de/rec/bib/conf/fossacs/2004},
  ISBN                     = {3-540-21298-1},
  Timestamp                = {Mon, 08 Mar 2004 09:32:26 +0100}
}

@Proceedings{DBLP:conf/icalp/2002,
  Title                    = {Automata, Languages and Programming, 29th International Colloquium,
 {ICALP} 2002, Malaga, {Spain}, {July} 8-13, 2002, Proceedings},
  Year                     = {2002},
  Editor                   = {Peter Widmayer and
 Francisco Triguero Ruiz and
 Rafael Morales Bueno and
 Matthew Hennessy and
 Stephan Eidenbenz and
 Ricardo Conejo},
  Publisher                = {Springer},
  Series                   = {Lecture Notes in Computer Science},
  Volume                   = {2380},

  Bibsource                = {dblp computer science bibliography, http://dblp.org},
  Biburl                   = {http://dblp.uni-trier.de/rec/bib/conf/icalp/2002},
  ISBN                     = {3-540-43864-5},
  Timestamp                = {Tue, 03 Feb 2004 13:36:02 +0100}
}

@Proceedings{DBLP:conf/planX/2008,
  Title                    = {{PLAN-X} 2008, Programming Language Technologies for {XML}, An {ACM}
 {SIGPLAN} Workshop colocated with {POPL} 2008, San Francisco, California,
 {USA}, {January} 9, 2008},
  Year                     = {2008},

  Bibsource                = {dblp computer science bibliography, http://dblp.org},
  Biburl                   = {http://dblp.uni-trier.de/rec/bib/conf/planX/2008},
  Timestamp                = {Fri, 18 Jan 2008 13:01:04 +0100}
}

