% This file was created with JabRef 2.10.
% Encoding: UTF8


@Unpublished{Alu96x,
  Title                    = {A blow-up construction and graph coloring},
  Author                   = {Paolo Aluffi},
  Note                     = {preprint?},
  Year                     = {1996?}
}

@Unpublished{Alu96,
  Title                    = {Chern classes for singular hypersurfaces},
  Author                   = {Paolo Aluffi},
  Note                     = {preprint},

  Month                    = {February},
  Year                     = {1996}
}

@Article{Alu95,
  Title                    = {Singular schemes of hypersurfaces},
  Author                   = {Paolo Aluffi},
  Journal                  = {Duke Math. J.},
  Year                     = {1995},
  Pages                    = {325--351},
  Volume                   = {80}
}

@Article{AF95,
  Title                    = {A remark on the {C}hern class of a tensor product},
  Author                   = {Paolo Aluffi and Carel Faber},
  Journal                  = {Manu. Math.},
  Year                     = {1995},
  Pages                    = {85--86},
  Volume                   = {88}
}

@Article{Azn83,
  Title                    = {Sur les multiplicit\'es de {S}chubert locales des faisceaux
 alg\'ebriques coh\'erents},
  Author                   = {V. Navarro Aznar},
  Journal                  = {Comp. Math.},
  Year                     = {1983},
  Pages                    = {311--326},
  Volume                   = {48}
}

@Article{BBF92,
  Title                    = {Classes de {C}hern des vari\'et\'es toriques singuli\`eres},
  Author                   = {Gottfried Barthel and Jean-Paul Brasselet and Karl--Heinz Fieseler},
  Journal                  = {C. R. Acad. Sci. Paris},
  Year                     = {1992},
  Pages                    = {187--192},
  Volume                   = {315}
}

@Article{BMM94,
  Title                    = {Localisation de syst\`emes diff\'erentiels, stratifications
 de {W}hitney et condition de {T}hom},
  Author                   = {Jo{\"e}l Biran{\c c}on and Philippe Maisonobe and Michel Merle},
  Journal                  = {Invent. Math.},
  Year                     = {1994},
  Pages                    = {531--550},
  Volume                   = {117}
}

@Article{BGS87,
  Title                    = {Sur l'homologie d'intersection et les classes de {C}hern des
 vari\'et\'es singuli\`eres ({E}spaces de {T}hom et contre-exemples
 de {V}erdier et {G}oresky)},
  Author                   = {Jean-Paul Brasselet and Gerardo Gonzalez--Sprinberg},
  Journal                  = {G\'eom\'etrie Alg\'ebrique et Applications},
  Year                     = {1987},
  Pages                    = {5--14},
  Volume                   = {23}
}

@Article{BS81,
  Title                    = {Sur les classes de {C}hern d'un ensemble analytique complexe},
  Author                   = {Jean-Paul Brasselet and M. H. Schwartz},
  Journal                  = {Ast\'erisque},
  Year                     = {1981},
  Pages                    = {93--147},
  Volume                   = {82-83}
}

@Article{Bry82,
  Title                    = {({C}o)--{H}omologie d'intersection et faisceaux pervers},
  Author                   = {Jean--Luc Brylinski},
  Journal                  = {S\'eminaire Bourbaki},
  Year                     = {1982},
  Pages                    = {129--157},
  Volume                   = {585}
}

@Article{Dax,
  Title                    = {Points singuliers normaux, points singuliers normaux
 simples et mod\`eles d'\'elimination},
  Author                   = {Jean-Pierre Dax},
  Journal                  = {C. R. Acad. Sci. Paris},
  Year                     = {1992},
  Pages                    = {315--319},
  Volume                   = {315}
}

@Unpublished{Dub81,
  Title                    = {Calcul des invariants num\'eriques des singularit\'es et applications},
  Author                   = {Alberto S. Dubson},
  Note                     = {where from??},
  Year                     = {1981}
}

@Article{Dub78,
  Title                    = {Classes caract\'eristiques des vari\'et\'es singuli\`eres},
  Author                   = {Alberto S. Dubson},
  Journal                  = {C. R. Acad. Sci. Paris},
  Year                     = {1978},
  Pages                    = {237--240},
  Volume                   = {287}
}

@Unpublished{Dur98,
  Title                    = {Singularities},
  Author                   = {Alan H. Durfee},
  Note                     = {preprint},

  Month                    = {January},
  Year                     = {1998}
}

@Conference{Ful83,
  Title                    = {Introduction to intersection theory in algebraic geometry},
  Author                   = {William Fulton},
  Booktitle                = {Regional Conference Series in Mathematics},
  Year                     = {1983},
  Number                   = {54}
}

@Article{GS82,
  Title                    = {Cycle maximal et invariant d'{E}uler local des singularit\'es
 isol\'ees de surfaces},
  Author                   = {Gerardo Gonzalez--Sprinberg},
  Journal                  = {Topology},
  Year                     = {1982},
  Pages                    = {401--408},
  Volume                   = {21}
}

@Article{GS,
  Title                    = {L'obstruction locale d'{E}uler et le th\'eor\`eme de {M}ac{P}herson},
  Author                   = {Gerardo Gonzalez--Sprinberg},
  Journal                  = {Ast\'erisque},
  Year                     = {1981},
  Pages                    = {7--32},
  Volume                   = {82--83}
}

@Article{GMP83,
  Title                    = {Intersection homology {II}},
  Author                   = {Mark Goresky and Robert MacPherson},
  Journal                  = {Invent. Math.},
  Year                     = {1983},
  Pages                    = {77--129},
  Volume                   = {71}
}

@InProceedings{GMP81,
  Title                    = {On the topology of complex algebraic maps},
  Author                   = {Mark Goresky and Robert MacPherson},
  Booktitle                = {Algebraic Geometry Proceedings, La R\'abida,
 Lecture Notes in Mathematics},
  Year                     = {1981},
  Number                   = {961}
}

@Article{HT72,
  Title                    = {Stiefel--{W}hitney homology classes},
  Author                   = {Stephen Halperin and Domingo Toledo},
  Journal                  = {Ann. of Math.},
  Year                     = {1972},
  Pages                    = {511--525},
  Volume                   = {96}
}

@Article{Ill79,
  Title                    = {Th\'eorie de {B}rauer et caract\'eristique d'{E}uler--{P}oincar\'e},
  Author                   = {Luc Illusie},
  Journal                  = {Ast\'erisque},
  Year                     = {1978--1979},
  Pages                    = {161--172},
  Volume                   = {82-83}
}

@Article{Ken90,
  Title                    = {Mac{P}herson's {C}hern classes of singular algebraic varieties},
  Author                   = {Gary Kennedy},
  Journal                  = {Comm. Alg.},
  Year                     = {1990},
  Pages                    = {2821--2839},
  Volume                   = {18}
}

@Article{Ken90x,
  Title                    = {Specialization of {M}ac{P}herson's {C}hern classes},
  Author                   = {Gary Kennedy},
  Journal                  = {Math. Scand.},
  Year                     = {1990},
  Pages                    = {12--16},
  Volume                   = {66}
}

@InProceedings{Kwi97,
  Title                    = {Mac{P}herson's graph construction},
  Author                   = {Micha{\l} Kwieci\'nski},
  Booktitle                = {Algebraic Geometry, 
 Lecture Notes in Pure and Applied Mathematics},
  Year                     = {1987},
  Editor                   = {Sinan Sert{\"o}z},
  Volume                   = {193}
}

@Article{Lan79,
  Title                    = {Coubures au voisinage d'une singularit\'e alg\'ebrique isol\'ee},
  Author                   = {R\'emi Langevin},
  Journal                  = {Ast\'erisque},
  Year                     = {1978--1979},
  Pages                    = {33--43},
  Volume                   = {82-83}
}

@InProceedings{MP81,
  Title                    = {Singularities of vector bundle maps},
  Author                   = {Robert MacPherson},
  Booktitle                = {Proceedings of Liverpool Singularities, 
 Lecture Notes in Mathematics},
  Year                     = {1981},
  Number                   = {192}
}

@Article{MP74,
  Title                    = {Chern classes for singular algebraic varieties},
  Author                   = {Robert MacPherson},
  Journal                  = {Ann. of Math.},
  Year                     = {1974},
  Pages                    = {423--432},
  Volume                   = {100}
}

@Unpublished{PS97,
  Title                    = {Pure hodge structure on the ${L}_2$--cohomology of varieties with
 isolated singularities},
  Author                   = {William Pardon and Mark Stern},
  Note                     = {preprint},
  Year                     = {1997}
}

@Article{Par88,
  Title                    = {A generalization of the {M}ilnor number},
  Author                   = {Adam Parusi\'nski},
  Journal                  = {Math. Ann.},
  Year                     = {1988},
  Pages                    = {247--254},
  Volume                   = {281}
}

@Unpublished{PP98,
  Title                    = {Characteristic classes of hypersurfaces and characteristic cycles},
  Author                   = {Adam Parusi\'nski and Piotr Pragacz},
  Note                     = {preprint},

  Month                    = {January},
  Year                     = {1998}
}

@Article{PP95,
  Title                    = {A formula for the {E}uler characteristic of singular hypersurfaces},
  Author                   = {Adam Parusi\'nski and Piotr Pragacz},
  Journal                  = {J. Alg. Geom.},
  Year                     = {1995},
  Pages                    = {337-351},
  Volume                   = {4}
}

@PhdThesis{Pat85,
  Title                    = {What is the title??},
  Author                   = {V. Pati},
  School                   = {Princeton},
  Year                     = {1985}
}

@Article{Rie71,
  Title                    = {Characterizing {M}oi{\u s}ezon spaces by almost positive coherent
 analytic sheaves},
  Author                   = {Oswald Riemenschneider},
  Journal                  = {Math. Zeit.},
  Year                     = {1971},
  Pages                    = {265--284},
  Volume                   = {123}
}

@Article{Sab85,
  Title                    = {Quelques remarques sur la g\'eom\'etrie des espaces conormaux},
  Author                   = {C. Sabbah},
  Journal                  = {Ast\'erisque},
  Year                     = {1985},
  Pages                    = {161--192},
  Volume                   = {130}
}

@InProceedings{Shi84,
  Title                    = {Curvature integrals and {C}hern classes of singular varieties},
  Author                   = {Theodore Shifrin},
  Booktitle                = {Integral Geoemetry, Proceedings,
 Contemporary Mathematics},
  Year                     = {1984},
  Volume                   = {63}
}

@Article{ST95,
  Title                    = {Singularities at infinity and their vanishing cycles},
  Author                   = {Dirk Siersma and Mihai Ti{\u b}ar},
  Journal                  = {Duke Math. J.},
  Year                     = {1995},
  Pages                    = {771--783},
  Volume                   = {80}
}

@InProceedings{Sul81,
  Title                    = {Combinatorical invariants of analytic spaces},
  Author                   = {D. Sullivan},
  Booktitle                = {Proceedings of Liverpool Singularities, 
 Lecture Notes in Mathematics},
  Year                     = {1981},
  Number                   = {192}
}

@Article{Suw96,
  Title                    = {Classes de {C}hern des intersections compl\`etes locales},
  Author                   = {Tatsuo Suwa},
  Journal                  = {C. R. Acad. Sci. Paris},
  Year                     = {1996},
  Pages                    = {67--70},
  Volume                   = {324}
}

@Unpublished{Tot97,
  Title                    = {Chern numbers for singular varieties and elliptic homology},
  Author                   = {Burt Totaro},
  Note                     = {preprint?},
  Year                     = {1997?}
}

@Article{Tra79,
  Title                    = {Limites d'espaces tangents et obstruction d'{E}uler des surfaces},
  Author                   = {L\^e D{\~u}ng Trang},
  Journal                  = {Ast\'erisque},
  Year                     = {1978--1979},
  Pages                    = {45--69},
  Volume                   = {82--83}
}

@Article{TM83,
  Title                    = {Vari\'et\'es caract\'er\-istiques et vari\'et\'es polaires},
  Author                   = {L\^e D{\~u}ng Trang and Zoghman Mebkhout},
  Journal                  = {C. R. Acad. Sc. Paris},
  Year                     = {1983},
  Pages                    = {129--132},
  Volume                   = {296}
}

@Article{TT81,
  Title                    = {Vari\'et\'es polaires locales et classes de {C}hern des
 vari\'et\'es singuli\`eres},
  Author                   = {L\^e D{\~u}ng Trang and Bernard Teissier},
  Journal                  = {Ann. of Math.},
  Year                     = {1981},
  Pages                    = {457--491},
  Volume                   = {114}
}

@Article{Ver79,
  Title                    = {Sp\'ecialisation des classes de {C}hern},
  Author                   = {J.--L. Verdier},
  Journal                  = {Ast\'erisque},
  Year                     = {1978--1979},
  Pages                    = {45--69},
  Volume                   = {82--83}
}

@Article{Whi65,
  Title                    = {Tangents to an analytic variety},
  Author                   = {Hassler Whitney},
  Journal                  = {Ann. of Math.},
  Year                     = {1965},
  Pages                    = {496--549},
  Volume                   = {81}
}

